2903 3994
322 156 746 150 du 10.^e fev. 1726

389 462 876 163 Monseigneur

159 805 2307 183 un monsieur disoit dans un Caffè que le Courier de lyon

146 928 2417 200 avoit Eté volé et q'on luy avoit pris deux ou trois milles franc

153 1071 2496 180 q'uil portoit un autre dit que on ne luy avoit prit que

146 1208 2537 189 ces lettres et q'uil y avoit la dessus quelques autres choses q'un vol.

149 1328 2580 213 un jeune hõe disoit hier au Caffè q'uil avoit la veille m^de

136 1464 2550 200 de prié >au< a la Commedie italienne brillante Cõe le jour

143 1584 2623 233 par les pierreries il dit En poursuivant q'uil luy paroissait

176 1740 2367 223 que Cette dame venoit a paris bien plus Souvent

153 1870 2367 230 q'a lordinaire il parloit a plusieurs personnes qui le luy

143 2023 2593 213 Reppondirent Rien et la Conversation finit toute a se suiet

153 2176 2583 183 tout le monde plaint beaucoup m.^r le lecteur de baviere que

163 2326 2576 176 lon dit etre tres mal. on se plain beaucoup dans le publique

149 2462 2424 180 de ce que l'on at pas des mesures assez justes pour la

146 2596 2434 176 Refonte pour que l'on sus dans le Commerce des demis

129 2722 2527 216 Ecus. il Est vvray aussi que cela fait grand tort personne ne

153 2895 2390 183 veut changer largens neuf pour du vieux on dit tout

166 3042 2520 199 hauttement que le ministere serat Contraint de mettre

176 3198 2447 303 Les loüis vieux a 16^lt et l'Ecus - a 4 et que le plutost serat

196 3341 692 177 le meillieur

2313 146 113 146 56
