3617 5228
2880 182 218 122 2 janv.

1002 291 1542 227 De Paris ce 2.^e Janvier 1726

644 453 2715 209 Jeudy dernier M.^r Crozat de tugny Maitre des Requestes et fils

658 562 2736 235 de M.^r Crozat lainé Epousa Mademoiselle amelot fille de

649 683 1198 170 M.^r le president de gournay

653 801 2802 192 Monsieur le duc dorleans se trouva fort Indisposé la nuit de noël

640 910 2811 187 au sortir de la Messe que ce prince avoit Entenduë dans la Chapelle

631 997 2807 222 de Versailles avec le Roy, la reine, les princes et princesses du sang

631 1115 2341 183 Mais cette Indisposition n'a eu aucunes suittes facheuses

614 1211 2841 213 suivant les deniers avis de Vienne l'Empereur sur les reponces qu'il

614 1333 2854 213 a eu de la Czarienne au sujet des depéches que sa Majeste jnperial

605 1446 2798 196 avoit envoyé a cete princesse luy a depeché un second Courrier

614 1533 2758 218 Extraordinaires Chargé des Clauses des aliance de ces deux cours

597 1642 1385 166 et un detail et nombre des troupes

583 1747 2824 209 le depart du Roy pour le Château de Marly est fixe au 2 de ce

601 1847 2837 204 Mois sa Majeste en reviendra le premier fevrier pour la seremoni

3394 1834 48 161 e

592 1943 2846 230 de Chers̃. de lordre du s.^t Esprit et y retournera le jour de la purisfica

575 2056 2632 213 tion au soir et nen reviendra que le premier samedy de Carême

592 2165 2750 213 sa Majeste a donne la Charge de la garde robe qui vacquoit

579 2282 2785 188 par la Mort de Monsieur le Marquis de souurdy a M.^r le

597 2387 2832 213 Marquis de l'ouvois son fils qu'on nomme presentement M.^r le marqui

605 2492 2733 196 de souuray, elle a accordé la lieutenance general de la province

575 2605 2771 191 de guyenne Vaccante par la Mort de feu Monsieur le marquis

570 2722 2781 210 de nocailles a Monsieur le marquis de Connelle mestre de Camp

562 2849 2793 213 des dragons et frere de Monsieur le prevost de paris, Il y avoit

566 2975 2793 187 un brevet de Retenue de 200000.^lt quil a payé Comptant aux

557 3088 2885 183 heritiers de Monsieur le marquis de nocailles Madame la marechalle

557 3206 2890 196 sa Mere a aussy une pension Viagere, de 12000.^lt sur laditte Charge

562 3319 2789 188 M.^r le duc de Montmonrency fils ainé de Monsieur le duc de

553 3437 2902 187 luxambourg est tombé Malade de la petite Verolle qui Commenca

549 3559 2876 179 a paroitre le 27 au Matin Il a eté seigne trois fois au bras et

562 3663 754 166 Une fois au pied

566 3768 2867 179 le delay pour recevoir au tresor Royal le Remboursement et

557 3907 933 144 dans le premier Jour

549 3995 2789 191 le sieur dancourt fameux Commedien et dont l'on a un theatre de

540 4103 2902 210 Commedie mourut ses jours passés dans sa terre de Courcelle ou il

536 4225 1224 149 s'estoit retire du grand monde

544 4334 2920 196 Monsieur de Rouville president au parlement daix qui s'est marie

522 4439 2763 235 Icy depuis peut Vend sa Charge pour en achetter une de maitres des

540 4544 457 174 Requetes

2976 278 109 144 8
