<?xml version="1.0" encoding="UTF-8"?>
<alto xmlns:xsi="http://www.w3.org/2001/XMLSchema-instance"
      xmlns="http://www.loc.gov/standards/alto/ns-v4#"
      xsi:schemaLocation="http://www.loc.gov/standards/alto/ns-v4# http://www.loc.gov/standards/alto/v4/alto-4-2.xsd">
  <Description>
    <MeasurementUnit>pixel</MeasurementUnit>
    <sourceImageInformation>
      <fileName>19_12a36_default.jpg</fileName>
      <fileIdentifier>https://gallica.bnf.fr/iiif/ark:/12148/btv1b525044990/f20/full/full/0/default.jpg</fileIdentifier>
    </sourceImageInformation>
  </Description>
  
  <Tags>
    <OtherTag ID="BT4075" LABEL="StampZone" DESCRIPTION="block type StampZone"/><OtherTag ID="BT4074" LABEL="MarginTextZone" DESCRIPTION="block type MarginTextZone"/><OtherTag ID="BT4073" LABEL="NumberingZone" DESCRIPTION="block type NumberingZone"/><OtherTag ID="BT4072" LABEL="MainZone" DESCRIPTION="block type MainZone"/>
    <OtherTag ID="LT1375" LABEL="HeadingLine" DESCRIPTION="line type HeadingLine"/><OtherTag ID="LT1374" LABEL="DefaultLine" DESCRIPTION="line type DefaultLine"/>
  </Tags>
  
  <Layout>
    <Page WIDTH="3539"
          HEIGHT="5208"
          PHYSICAL_IMG_NR="19"
          ID="eSc_dummypage_">
      <PrintSpace HPOS="0"
                  VPOS="0"
                  WIDTH="3539"
                  HEIGHT="5208">
        
        <TextBlock HPOS="573"
                   VPOS="277"
                   WIDTH="2896"
                   HEIGHT="2600"
                   ID="eSc_textblock_0e6400ca"
                   TAGREFS="BT4072">
          <Shape><Polygon POINTS="2744 364 3400 381 3452 434 3469 2460 3417 2721 2709 2755 2323 2842 642 2877 573 364 642 312 990 381 2427 364 2566 347 2605 277"/></Shape>
          
          
          <TextLine ID="eSc_line_b8895bfc"
                    TAGREFS="LT1374"
                    BASELINE="590 490 3413 468" 
                    HPOS="586"
                    VPOS="351"
                    WIDTH="2827"
                    HEIGHT="195">
            <Shape><Polygon POINTS="3239 386 3226 373 3191 373 3148 373 3143 373 3135 377 3048 368 3017 368 2974 368 2931 368 2887 364 2844 364 2800 364 2757 364 2731 351 2666 360 2661 360 2657 360 2657 364 2627 390 2527 351 2522 351 2518 351 2392 373 2353 364 2323 364 2279 364 2258 364 2231 377 2205 364 2192 364 2149 364 2106 364 2062 364 2019 368 1975 368 1932 368 1888 368 1845 368 1802 368 1758 368 1715 368 1671 373 1628 373 1615 373 1576 399 1294 377 1280 377 1237 377 1194 377 1155 377 1115 407 586 407 590 490 590 529 707 512 751 533 755 533 759 533 764 533 777 533 868 512 1050 525 1098 529 1102 529 1107 529 1120 525 1176 507 1215 525 1259 542 1263 542 1267 542 1272 542 1276 542 1276 538 1298 520 1315 507 1367 507 1385 520 1411 542 1415 542 1419 542 1424 546 1606 546 1606 542 1611 542 1684 516 1719 503 1789 503 1802 512 1828 533 1828 538 1832 538 1836 538 1841 538 1845 538 1897 512 1914 503 2253 503 2258 503 2314 533 2318 533 2323 533 2327 533 2331 533 2331 529 2362 503 2362 499 2366 503 2427 533 2431 533 2436 533 2726 507 2835 533 2839 533 2844 533 2848 533 2978 499 3356 529 3360 529 3365 529 3369 529 3413 490 3413 468 3404 394 3387 386"/></Shape>
	    <String CONTENT="On trouva ses jours passés le secretaire de Monsieur de saint martin"
                    HPOS="586"
                    VPOS="351"
                    WIDTH="2827"
                    HEIGHT="195"></String>
          </TextLine>

          
          
          <TextLine ID="eSc_line_b8e505d5"
                    TAGREFS="LT1374"
                    BASELINE="629 607 1276 590 3434 594" 
                    HPOS="625"
                    VPOS="481"
                    WIDTH="2809"
                    HEIGHT="178">
            <Shape><Polygon POINTS="1945 481 1941 481 1936 481 1927 490 1888 512 1836 490 1815 481 1810 481 1806 481 1802 481 1780 490 1723 512 1654 490 1637 486 1632 486 1628 486 1624 486 1619 486 1615 490 1589 516 1432 516 1398 494 1389 486 1363 486 1354 486 1328 494 1267 512 1224 494 1202 486 1189 486 1168 486 1155 494 1115 516 946 516 920 494 911 490 885 490 842 490 798 490 755 490 625 494 629 607 633 659 729 624 937 624 959 642 959 646 963 646 968 646 972 646 977 646 1072 611 1424 611 1450 633 1454 633 1459 633 1463 633 1580 611 1823 633 1828 633 1832 633 1888 611 1927 646 1932 646 1936 646 1941 646 1945 646 2032 616 2123 655 2127 655 2132 655 2136 655 2253 611 2310 633 2314 633 2318 633 2522 616 2548 637 2548 642 2553 642 2557 642 2561 642 2566 642 2570 642 2609 611 2740 633 2744 633 2748 633 2839 611 2891 655 2896 655 2900 655 2905 659 3430 659 3434 594 3421 481 3356 516 3057 516 3009 481 3004 481 3000 481 2996 481 2991 481 2978 481 2870 512 2722 486 2692 481 2687 481 2683 481 2674 486 2614 512 2449 486 2405 481 2401 481 2396 481 2375 486 2318 503 2079 490 1949 481 1945 481"/></Shape>
	    <String CONTENT="Con.^er au parlement est mort dans sa Chambre et presque Corronpeu lon"
                    HPOS="625"
                    VPOS="481"
                    WIDTH="2809"
                    HEIGHT="178"></String>
          </TextLine>

          
          
          <TextLine ID="eSc_line_d359363d"
                    TAGREFS="LT1374"
                    BASELINE="642 711 2878 694" 
                    HPOS="638"
                    VPOS="594"
                    WIDTH="2240"
                    HEIGHT="174">
            <Shape><Polygon POINTS="2331 594 2119 624 2084 629 2075 624 2049 603 2049 598 2045 598 2040 598 2036 598 2032 598 1954 624 1858 598 1854 598 1849 598 1845 598 1789 629 1784 629 1654 603 1650 603 1489 633 1480 633 1476 633 1298 603 1294 603 1289 603 1285 603 1285 607 1267 624 1233 607 1228 607 1224 607 1220 607 1163 637 963 637 911 607 907 607 903 607 768 607 725 607 720 607 716 607 638 637 642 711 647 768 751 733 833 763 838 763 842 768 842 763 846 763 929 733 1115 733 1142 755 1142 759 1146 759 1150 759 1155 759 1159 759 1163 759 1207 729 1276 755 1294 759 1298 759 1302 759 1307 759 1328 755 1419 729 1571 746 1667 759 1671 759 1676 759 1680 759 1680 755 1693 746 1710 729 1789 729 1802 742 1815 750 1815 755 1819 755 1823 755 1828 755 1832 755 1875 742 1927 724 1958 737 1988 755 1993 755 1997 759 2136 759 2136 755 2140 755 2145 755 2145 750 2162 733 2175 724 2297 733 2614 750 2618 750 2622 750 2627 750 2657 724 2657 720 2874 716 2878 694 2865 616 2640 624 2622 616 2596 598 2592 598 2588 598 2583 598 2579 598 2501 620 2470 624 2449 620 2336 594 2331 594"/></Shape>
	    <String CONTENT="Conjecteure qu&#39;il y a quelques jours qu&#39;il estoit Mort"
                    HPOS="638"
                    VPOS="594"
                    WIDTH="2240"
                    HEIGHT="174"></String>
          </TextLine>

          
          
          <TextLine ID="eSc_line_36bf56fc"
                    TAGREFS="LT1374"
                    BASELINE="633 824 3426 815" 
                    HPOS="629"
                    VPOS="707"
                    WIDTH="2797"
                    HEIGHT="147">
            <Shape><Polygon POINTS="1098 711 1063 711 1020 711 977 711 933 711 907 711 903 711 629 746 633 824 633 854 755 833 3417 833 3426 815 3404 724 3382 746 3300 746 3269 724 3252 711 3248 711 3243 711 3239 711 3235 711 3230 711 3217 724 3191 746 2653 746 2583 729 2457 707 2453 707 2449 707 2392 733 2370 742 2353 733 2292 707 2288 707 2284 707 2279 707 2275 707 2244 733 2231 746 2010 746 1988 737 1923 711 1919 711 1914 711 1910 711 1906 711 1867 737 1854 746 1832 737 1758 711 1754 711 1749 711 1745 711 1741 711 1706 737 1693 750 1628 750 1615 737 1584 711 1580 711 1576 711 1372 711 1367 711 1363 711 1359 711 1359 716 1328 742 1320 750 1224 750 1207 742 1102 711 1098 711"/></Shape>
	    <String CONTENT="le Con.^er d Etat a Confirmé la sentance du lieutenant Criminel qui"
                    HPOS="629"
                    VPOS="707"
                    WIDTH="2797"
                    HEIGHT="147"></String>
          </TextLine>

          
          
          <TextLine ID="eSc_line_a4ef9ab2"
                    TAGREFS="LT1374"
                    BASELINE="633 924 3443 915" 
                    HPOS="629"
                    VPOS="820"
                    WIDTH="2814"
                    HEIGHT="147">
            <Shape><Polygon POINTS="3278 820 3235 820 3191 820 3117 841 2944 841 2918 820 2887 820 2844 820 2800 820 2774 820 2718 828 2700 820 2670 820 2627 820 2583 820 2540 820 2496 820 2453 820 2409 820 2366 820 2323 820 2279 820 2258 820 2244 833 2106 837 2071 820 2062 820 2019 824 1984 824 1954 841 1906 824 1888 824 1845 824 1802 824 1758 824 1715 824 1671 824 1628 824 1619 824 1597 841 1550 824 1541 824 1498 824 1489 824 1467 846 1250 846 1194 824 1194 824 1150 824 1107 824 1063 824 1020 824 977 824 955 824 942 837 898 824 890 824 846 824 803 824 798 824 768 846 629 846 633 924 633 950 1042 937 1085 954 1111 963 1115 963 1120 967 1398 967 1398 963 1402 963 1406 963 1419 954 1437 937 1459 954 1467 963 1472 963 1476 963 1480 963 1528 954 1606 933 2301 933 2375 954 2379 954 2383 954 2388 954 2392 954 2418 933 2640 933 2683 954 2687 959 2692 959 2696 959 2700 959 2722 954 2805 937 2852 954 2861 959 2865 959 2870 959 3439 954 3443 915 3434 841 3304 833 3291 820 3278 820"/></Shape>
	    <String CONTENT="rend nulle la poursuite de Monsieur le duc de la force au suiet du"
                    HPOS="629"
                    VPOS="820"
                    WIDTH="2814"
                    HEIGHT="147"></String>
          </TextLine>

          
          
          <TextLine ID="eSc_line_e53a09a4"
                    TAGREFS="LT1374"
                    BASELINE="633 1028 3443 1015" 
                    HPOS="633"
                    VPOS="920"
                    WIDTH="2810"
                    HEIGHT="160">
            <Shape><Polygon POINTS="2844 920 2800 920 2792 920 2766 933 2757 937 2748 933 2709 920 2670 920 2627 920 2583 920 2540 920 2496 920 2488 920 2375 928 2240 920 2236 920 2192 920 2149 920 2106 920 2062 920 2019 928 1971 937 1897 928 1867 924 1845 924 1802 924 1758 924 1741 924 1732 928 1697 946 1519 946 1029 924 1020 924 977 924 933 924 890 924 846 924 803 924 759 924 751 924 725 946 647 924 633 924 633 1028 633 1045 898 1045 911 1050 937 1071 942 1071 946 1071 950 1071 955 1071 1007 1050 1033 1041 1063 1050 1111 1067 1115 1067 1120 1067 1124 1067 1168 1054 1189 1045 1211 1054 1233 1063 1237 1063 1241 1063 1246 1063 1272 1054 1307 1041 1333 1054 1341 1058 1346 1058 1350 1058 1437 1054 1745 1037 1780 1058 1806 1076 1810 1076 1815 1076 1819 1080 1819 1076 1823 1076 1828 1076 1849 1058 1875 1041 2040 1041 2184 1063 2284 1076 2288 1076 2292 1076 2297 1076 2314 1063 2357 1032 2596 1032 2670 1067 2683 1071 2687 1071 2692 1071 2696 1071 2713 1067 2787 1041 2861 1067 2865 1067 2870 1067 2874 1067 2952 1045 2996 1071 3000 1071 3004 1071 3009 1076 3439 1076 3443 1015 3434 941 2870 941 2865 937 2844 920 2844 920"/></Shape>
	    <String CONTENT="vol de ces diamants contre le sieurs du Catel et de saint Val Capita"
                    HPOS="633"
                    VPOS="920"
                    WIDTH="2810"
                    HEIGHT="160"></String>
          </TextLine>

          
          
          <TextLine ID="eSc_line_72a03171"
                    TAGREFS="LT1374"
                    BASELINE="642 1128 1871 1115" 
                    HPOS="638"
                    VPOS="1024"
                    WIDTH="1233"
                    HEIGHT="156">
            <Shape><Polygon POINTS="1593 1024 1550 1028 1506 1028 1463 1028 1419 1028 1376 1028 1333 1028 1315 1028 1246 1037 1202 1041 1172 1037 1129 1028 1115 1028 1072 1028 1029 1028 1020 1028 998 1037 972 1045 950 1037 933 1028 898 1028 877 1028 855 1037 820 1045 638 1037 642 1128 642 1163 825 1150 842 1158 864 1176 868 1176 872 1176 877 1180 1046 1180 1046 1176 1207 1154 1267 1145 1285 1150 1333 1171 1337 1171 1341 1171 1346 1171 1441 1150 1459 1145 1472 1145 1563 1167 1567 1167 1867 1137 1871 1115 1862 1041 1632 1024 1593 1024"/></Shape>
	    <String CONTENT="dans le regiment de l&#39;auxeroit"
                    HPOS="638"
                    VPOS="1024"
                    WIDTH="1233"
                    HEIGHT="156"></String>
          </TextLine>

          
          
          <TextLine ID="eSc_line_cdd54872"
                    TAGREFS="LT1374"
                    BASELINE="625 1236 3421 1210" 
                    HPOS="620"
                    VPOS="1106"
                    WIDTH="2801"
                    HEIGHT="174">
            <Shape><Polygon POINTS="1836 1119 1793 1119 1749 1119 1723 1119 1710 1128 1676 1150 1632 1128 1611 1119 1576 1119 1567 1128 1541 1145 1498 1128 1472 1119 1445 1124 1402 1124 1359 1124 1315 1124 1272 1124 1228 1124 1185 1124 1181 1124 1168 1128 1072 1163 898 1163 833 1128 794 1128 751 1128 707 1128 664 1128 660 1124 620 1124 625 1236 633 1280 664 1258 1007 1275 1029 1275 1033 1275 1037 1275 1089 1254 1584 1271 1684 1275 1689 1275 1693 1275 1697 1275 1697 1271 1723 1249 1949 1271 2014 1275 2019 1275 2023 1275 2045 1271 2145 1245 2301 1271 2327 1271 2331 1271 2353 1267 2501 1241 2544 1267 2548 1267 2553 1267 2557 1267 2566 1267 2718 1245 2844 1267 2861 1267 2865 1267 2870 1267 2878 1267 2983 1236 3191 1262 3195 1262 3200 1262 3204 1262 3360 1241 3408 1262 3421 1210 3408 1137 3161 1137 3152 1132 3100 1106 3096 1106 3091 1106 3087 1106 3083 1106 3083 1111 3057 1132 3052 1141 2774 1141 2757 1132 2718 1106 2713 1106 2709 1106 2531 1106 2527 1106 2522 1106 2475 1132 2444 1150 2210 1150 2145 1132 2058 1111 2053 1111 2049 1111 2045 1111 2045 1115 2023 1132 2006 1150 1954 1128 1910 1115 1906 1115 1836 1115 1836 1119"/></Shape>
	    <String CONTENT="les derniers lettre de pedessebourg porte que la Czarienne soccupe"
                    HPOS="620"
                    VPOS="1106"
                    WIDTH="2801"
                    HEIGHT="174"></String>
          </TextLine>

          
          
          <TextLine ID="eSc_line_d04352c3"
                    TAGREFS="LT1374"
                    BASELINE="633 1341 3447 1341" 
                    HPOS="633"
                    VPOS="1232"
                    WIDTH="2814"
                    HEIGHT="165">
            <Shape><Polygon POINTS="1428 1232 1424 1232 1419 1232 1354 1241 1233 1262 1194 1241 1176 1232 1172 1232 1168 1232 1163 1232 1133 1241 1068 1271 994 1271 959 1241 955 1236 950 1236 946 1236 942 1236 937 1236 924 1241 890 1258 825 1241 803 1236 764 1236 725 1236 633 1241 633 1341 633 1393 877 1367 1081 1393 1098 1393 1102 1393 1107 1393 1111 1393 1233 1358 1337 1384 1341 1384 1346 1384 1350 1384 1354 1384 1385 1358 1628 1358 1667 1388 1667 1393 1671 1393 1676 1393 1680 1397 1806 1397 1806 1393 1810 1393 1815 1393 1815 1388 1849 1358 1958 1358 1997 1384 2001 1384 2006 1384 2010 1388 2010 1384 2014 1384 2019 1384 2049 1362 2075 1388 2079 1388 2079 1393 2084 1393 2088 1393 2093 1397 2383 1397 2383 1393 2388 1393 2414 1388 2518 1358 2588 1384 2592 1384 2596 1384 2605 1384 3017 1358 3061 1384 3065 1388 3070 1388 3074 1388 3078 1388 3122 1384 3282 1358 3443 1380 3447 1341 3447 1241 3330 1232 3326 1232 3321 1232 3317 1232 3317 1236 3313 1241 3278 1271 2983 1271 2948 1241 2944 1236 2944 1232 2939 1232 2935 1232 2931 1232 2926 1232 2896 1241 2792 1267 2744 1241 2726 1232 2722 1232 2718 1232 2713 1232 2696 1241 2635 1271 2496 1271 2470 1241 2462 1236 2462 1232 2457 1232 2453 1232 2449 1232 2444 1232 2418 1241 2344 1271 1971 1271 1906 1241 1884 1232 1880 1232 1776 1232 1771 1232 1767 1232 1762 1232 1754 1241 1723 1262 1624 1241 1571 1232 1567 1232 1563 1232 1537 1241 1480 1267 1445 1241 1432 1232 1428 1232"/></Shape>
	    <String CONTENT="de plus en plus a francisser sa nation et forme dans ses Etats des"
                    HPOS="633"
                    VPOS="1232"
                    WIDTH="2814"
                    HEIGHT="165"></String>
          </TextLine>

          
          
          <TextLine ID="eSc_line_852ab4e8"
                    TAGREFS="LT1374"
                    BASELINE="625 1462 2722 1453 3295 1458 3439 1475" 
                    HPOS="620"
                    VPOS="1345"
                    WIDTH="2819"
                    HEIGHT="156">
            <Shape><Polygon POINTS="3222 1345 3217 1345 3017 1367 2878 1345 2874 1345 2870 1345 2831 1367 2809 1345 2805 1345 2800 1345 2792 1345 2748 1345 2705 1345 2661 1345 2618 1345 2575 1345 2566 1345 2561 1345 2557 1345 2553 1345 2553 1349 2522 1375 2019 1349 2014 1349 2010 1349 1958 1375 1658 1358 1654 1358 1550 1380 1493 1354 1489 1354 1485 1354 1480 1354 1415 1375 1389 1349 1385 1349 1380 1349 1276 1349 1272 1349 1267 1349 1211 1380 1150 1358 1146 1358 1142 1358 620 1384 625 1462 625 1488 1115 1501 1120 1501 1202 1492 1311 1479 1454 1492 1554 1501 1558 1501 1563 1501 1580 1492 1602 1479 1628 1492 1637 1501 1641 1501 1645 1501 1650 1501 1654 1501 1658 1501 1658 1497 1663 1492 1680 1475 2331 1475 2540 1497 2561 1497 2566 1497 2570 1497 2575 1497 2614 1475 2648 1497 2653 1497 2657 1497 2661 1497 2674 1497 2783 1475 2809 1497 2813 1497 2818 1497 2822 1501 3434 1501 3439 1475 3434 1380 3287 1380 3226 1345 3222 1345"/></Shape>
	    <String CONTENT="nouveaux etablissemant pour Le Commerce sur le modelle de ceux"
                    HPOS="620"
                    VPOS="1345"
                    WIDTH="2819"
                    HEIGHT="156"></String>
          </TextLine>

          
          
          <TextLine ID="eSc_line_84261d43"
                    TAGREFS="LT1374"
                    BASELINE="633 1579 2023 1562 3447 1575" 
                    HPOS="633"
                    VPOS="1458"
                    WIDTH="2814"
                    HEIGHT="169">
            <Shape><Polygon POINTS="2887 1458 2844 1458 2826 1458 2514 1479 2366 1488 2336 1475 2284 1458 2279 1458 2236 1458 2192 1458 2149 1458 2106 1458 2062 1458 2019 1458 1975 1458 1932 1458 1888 1458 1867 1458 1849 1471 1815 1492 1671 1492 1619 1466 1606 1462 1584 1462 1554 1462 1550 1466 1519 1488 1341 1466 1307 1462 1280 1462 1237 1462 1224 1462 1189 1492 1081 1492 877 1462 846 1462 803 1462 768 1462 742 1488 647 1462 633 1462 633 1579 633 1614 785 1623 790 1623 794 1623 816 1618 877 1597 898 1618 903 1618 907 1618 911 1618 916 1618 924 1618 1007 1588 1189 1618 1237 1623 1241 1623 1246 1623 1263 1618 1346 1588 1611 1588 1645 1618 1650 1618 1650 1623 1654 1623 1658 1623 1663 1627 1732 1627 1732 1623 1736 1623 1758 1618 1871 1588 2001 1614 2006 1614 2175 1588 2244 1618 2253 1623 2258 1623 2262 1627 2388 1627 2388 1623 2392 1623 2401 1618 2462 1588 2687 1618 2726 1623 2731 1623 2735 1623 2748 1618 2861 1588 2918 1618 2926 1623 2931 1623 2935 1623 2957 1618 3070 1597 3439 1618 3447 1575 3443 1492 3017 1492 3000 1484 2913 1458 2887 1458"/></Shape>
	    <String CONTENT="de france et a la teste des quels elle met autant quelle peut des"
                    HPOS="633"
                    VPOS="1458"
                    WIDTH="2814"
                    HEIGHT="169"></String>
          </TextLine>

          
          
          <TextLine ID="eSc_line_d63283a1"
                    TAGREFS="LT1374"
                    BASELINE="638 1696 1663 1683" 
                    HPOS="633"
                    VPOS="1571"
                    WIDTH="1030"
                    HEIGHT="156">
            <Shape><Polygon POINTS="1372 1571 1328 1571 1233 1614 1155 1575 1155 1575 1111 1575 1068 1575 1024 1575 981 1575 942 1575 838 1627 633 1627 638 1696 638 1727 1658 1709 1663 1683 1654 1618 1372 1571 1372 1571"/></Shape>
	    <String CONTENT="tres habille francois"
                    HPOS="633"
                    VPOS="1571"
                    WIDTH="1030"
                    HEIGHT="156"></String>
          </TextLine>

          
          
          <TextLine ID="eSc_line_a475a0db"
                    TAGREFS="LT1374"
                    BASELINE="638 1805 3452 1753" 
                    HPOS="633"
                    VPOS="1640"
                    WIDTH="2819"
                    HEIGHT="230">
            <Shape><Polygon POINTS="2240 1688 2197 1688 2153 1688 2110 1688 2066 1688 2032 1688 2014 1705 1919 1688 1893 1688 1888 1679 1854 1675 1849 1675 1732 1692 1693 1696 1684 1692 1637 1670 1632 1688 1589 1688 1580 1696 1554 1714 1515 1696 1489 1688 1459 1688 1415 1688 1393 1701 1367 1688 1328 1688 1285 1692 1272 1692 1233 1705 1194 1718 1081 1714 842 1696 807 1696 764 1696 720 1696 694 1696 633 1722 638 1805 638 1831 924 1818 942 1831 963 1848 963 1853 968 1853 972 1853 977 1853 981 1853 1068 1827 1124 1814 1142 1827 1189 1866 1194 1866 1198 1866 1202 1870 1328 1870 1328 1866 1333 1866 1337 1866 1389 1827 1463 1835 1467 1835 1472 1835 1511 1822 1580 1805 1736 1805 1758 1822 1780 1840 1780 1844 1784 1844 1789 1844 1793 1844 1797 1844 1802 1844 1828 1822 1841 1809 1962 1801 1997 1818 2058 1848 2062 1848 2066 1853 2275 1853 2275 1848 2279 1848 2284 1848 2336 1814 2370 1792 2440 1814 2514 1835 2518 1835 2522 1835 2527 1835 2531 1835 2531 1831 2553 1814 2579 1835 2579 1840 2583 1840 2588 1840 2592 1844 2700 1844 2700 1840 2705 1840 2709 1840 2748 1809 2753 1809 2766 1809 2974 1835 2978 1835 2983 1835 3035 1809 3043 1801 3052 1805 3078 1831 3083 1831 3087 1831 3091 1831 3096 1831 3152 1805 3182 1792 3443 1801 3452 1753 3439 1640 3200 1683 3009 1666 3004 1666 3000 1666 2944 1688 2922 1666 2918 1666 2913 1666 2909 1666 2905 1666 2900 1666 2874 1688 2648 1670 2644 1670 2640 1670 2596 1692 2544 1666 2514 1653 2509 1653 2505 1653 2249 1657 2240 1688"/></Shape>
	    <String CONTENT="le Marche au fouin par terre qui se tenoit a la porte saint michel"
                    HPOS="633"
                    VPOS="1640"
                    WIDTH="2819"
                    HEIGHT="230"></String>
          </TextLine>

          
          
          <TextLine ID="eSc_line_62724aeb"
                    TAGREFS="LT1374"
                    BASELINE="629 1913 3443 1887" 
                    HPOS="625"
                    VPOS="1783"
                    WIDTH="2818"
                    HEIGHT="187">
            <Shape><Polygon POINTS="1094 1801 1089 1801 1085 1801 1081 1801 1076 1805 1016 1840 907 1805 903 1805 898 1805 894 1805 812 1840 625 1805 629 1913 633 1961 742 1931 785 1953 790 1953 794 1953 998 1931 1033 1953 1055 1970 1059 1970 1063 1970 1068 1970 1072 1970 1076 1970 1102 1953 1146 1922 1597 1922 1867 1922 1884 1935 1923 1961 1927 1961 1932 1961 1936 1966 2032 1966 2032 1961 2036 1961 2097 1931 2119 1918 2136 1931 2175 1957 2179 1957 2184 1957 2188 1961 2297 1961 2297 1957 2301 1957 2305 1957 2305 1953 2340 1926 2340 1922 2353 1926 2449 1957 2453 1957 2457 1957 2609 1931 2735 1953 2740 1953 2744 1953 2748 1953 2796 1918 2887 1953 2891 1953 2896 1953 2900 1953 2970 1922 3004 1948 3009 1948 3013 1948 3017 1953 3291 1953 3291 1948 3295 1948 3443 1900 3443 1887 3434 1818 3152 1783 3148 1783 3143 1783 3139 1783 3100 1814 3091 1822 2905 1822 2891 1814 2865 1792 2865 1788 2861 1788 2857 1788 2735 1788 2731 1788 2726 1788 2648 1814 2614 1822 2592 1814 2544 1788 2540 1788 2535 1788 2531 1788 2527 1788 2527 1792 2501 1814 2483 1827 2409 1809 2310 1792 2305 1792 2301 1792 2244 1809 2192 1827 2049 1809 1932 1796 1927 1796 1923 1796 1897 1809 1854 1835 1220 1835 1115 1805 1098 1801 1094 1801"/></Shape>
	    <String CONTENT="sera Incessament a lencienne estrapade que lon va paver a se sujet"
                    HPOS="625"
                    VPOS="1783"
                    WIDTH="2818"
                    HEIGHT="187"></String>
          </TextLine>

          
          
          <TextLine ID="eSc_line_e163985b"
                    TAGREFS="LT1374"
                    BASELINE="642 2035 3421 2022" 
                    HPOS="638"
                    VPOS="1909"
                    WIDTH="2783"
                    HEIGHT="182">
            <Shape><Polygon POINTS="642 2035 642 2057 1059 2052 1063 2057 1094 2083 1094 2087 1098 2087 1102 2087 1107 2091 1250 2091 1250 2087 1254 2087 1324 2057 1328 2052 1333 2057 1380 2087 1385 2087 1389 2087 1393 2087 1398 2087 1402 2087 1402 2083 1437 2052 1441 2048 1589 2048 1602 2052 1667 2083 1671 2083 1676 2083 1680 2083 1684 2083 1723 2052 1732 2048 1858 2048 1862 2052 1897 2078 1897 2083 1901 2083 1906 2083 1910 2083 1914 2083 1958 2061 2166 2083 2171 2083 2175 2083 2179 2083 2210 2057 2240 2083 2244 2083 2249 2083 2253 2087 2492 2087 2492 2083 2496 2083 2631 2048 2644 2044 2648 2048 2687 2078 2692 2078 2696 2078 2700 2078 3417 2039 3421 2022 3413 1953 3217 1926 3213 1926 3009 1948 2983 1948 2978 1948 2922 1922 2918 1922 2913 1922 2909 1922 2905 1922 2870 1948 2861 1953 2705 1953 2696 1944 2657 1909 2653 1909 2648 1909 2644 1909 2640 1909 2514 1944 2475 1957 2231 1957 2210 1939 2166 1913 2162 1913 2158 1913 2062 1913 2058 1913 2053 1913 2049 1913 2049 1918 2023 1939 2010 1953 1971 1939 1893 1913 1888 1913 1884 1913 1880 1913 1819 1939 1780 1957 1567 1957 1532 1935 1498 1918 1493 1918 1168 1918 1163 1918 1159 1918 1155 1918 1155 1922 1142 1931 1120 1953 1033 1931 968 1918 963 1918 959 1918 929 1931 881 1953 825 1931 790 1918 785 1918 781 1918 638 1926 642 2035"/></Shape>
	    <String CONTENT="M.^r le duc de richelieu a obtenu dans une audience particuliere"
                    HPOS="638"
                    VPOS="1909"
                    WIDTH="2783"
                    HEIGHT="182"></String>
          </TextLine>

          
          
          <TextLine ID="eSc_line_550ec5fc"
                    TAGREFS="LT1374"
                    BASELINE="638 2148 1402 2126 3439 2130" 
                    HPOS="633"
                    VPOS="2022"
                    WIDTH="2806"
                    HEIGHT="169">
            <Shape><Polygon POINTS="3413 2026 3408 2026 3278 2061 3204 2026 3200 2026 3195 2026 3152 2026 3109 2026 3065 2026 3052 2026 3048 2026 3043 2026 2952 2061 1914 2057 1888 2031 1862 2031 1815 2057 1784 2031 1762 2031 1754 2031 1663 2061 1628 2031 1589 2031 1545 2035 1502 2035 1467 2035 1393 2057 1320 2035 1285 2035 1250 2035 1189 2061 1020 2035 981 2035 937 2035 911 2035 855 2061 820 2035 807 2035 772 2035 742 2057 716 2035 677 2035 673 2031 633 2031 638 2148 638 2183 807 2187 812 2187 816 2187 820 2187 825 2183 864 2156 903 2178 907 2178 911 2178 916 2178 981 2148 1024 2170 1029 2170 1033 2170 1276 2148 1315 2178 1320 2183 1320 2187 1324 2187 1328 2187 1333 2191 1411 2191 1411 2187 1415 2187 1419 2187 1419 2183 1428 2178 1463 2148 1784 2148 1862 2174 1897 2187 1901 2187 1906 2187 1910 2187 1936 2174 1988 2148 2084 2148 2114 2174 2127 2183 2127 2187 2132 2187 2136 2187 2140 2191 2488 2191 2488 2187 2492 2187 2496 2187 2518 2170 2548 2148 2596 2170 2640 2187 2644 2187 2648 2191 2922 2191 2922 2187 2926 2187 2931 2187 2957 2165 2970 2156 3004 2165 3061 2183 3065 2183 3070 2183 3074 2183 3117 2165 3165 2148 3430 2161 3439 2130 3426 2022 3413 2022 3413 2026"/></Shape>
	    <String CONTENT="de sa Majeste Imperiale les honneurs et prerrogatives qu&#39;ils demando"
                    HPOS="633"
                    VPOS="2022"
                    WIDTH="2806"
                    HEIGHT="169"></String>
          </TextLine>

          
          
          <TextLine ID="eSc_line_8c5cabcd"
                    TAGREFS="LT1374"
                    BASELINE="616 2256 3443 2230" 
                    HPOS="612"
                    VPOS="2130"
                    WIDTH="2831"
                    HEIGHT="191">
            <Shape><Polygon POINTS="3304 2130 3295 2130 3287 2139 3239 2170 3030 2170 3000 2143 2983 2130 2957 2130 2948 2130 2935 2143 2905 2174 2761 2174 2644 2152 2514 2130 2509 2130 2505 2130 2501 2130 2466 2156 2436 2174 2288 2156 2179 2148 2175 2148 2101 2161 2019 2178 1650 2178 1645 2174 1606 2139 1602 2139 1597 2139 1593 2139 1324 2174 1294 2148 1294 2143 1289 2143 1285 2143 1102 2143 1098 2143 1094 2143 1089 2143 1089 2148 1055 2183 1050 2187 1033 2187 816 2152 812 2152 633 2187 612 2230 616 2256 616 2282 642 2300 647 2300 651 2300 655 2300 660 2300 664 2300 690 2278 842 2278 890 2317 894 2317 898 2317 903 2321 990 2321 990 2317 994 2317 998 2317 1046 2278 1094 2313 1098 2313 1102 2313 1107 2313 1111 2313 1233 2278 1254 2274 1285 2278 1485 2313 1489 2313 1493 2313 1498 2313 1498 2308 1519 2287 1563 2308 1567 2308 1571 2308 1576 2308 1580 2308 1611 2278 1628 2265 2027 2265 2205 2265 2227 2282 2249 2300 2249 2304 2253 2304 2258 2304 2262 2304 2370 2287 2418 2278 2436 2287 2462 2300 2466 2300 2470 2304 2761 2304 2761 2300 2766 2300 2792 2287 2857 2261 2918 2291 2944 2300 2948 2300 2952 2300 2957 2300 2961 2300 2974 2291 3000 2269 3117 2291 3152 2295 3156 2295 3161 2295 3165 2295 3165 2291 3169 2291 3195 2265 3439 2291 3443 2230 3426 2135 3378 2161 3334 2135 3326 2130 3304 2130"/></Shape>
	    <String CONTENT="sur lambassadeur d&#39;Espagne et d&#39;autres preliminaires distingués qu"
                    HPOS="612"
                    VPOS="2130"
                    WIDTH="2831"
                    HEIGHT="191"></String>
          </TextLine>

          
          
          <TextLine ID="eSc_line_d21f5d29"
                    TAGREFS="LT1374"
                    BASELINE="633 2356 2466 2330" 
                    HPOS="629"
                    VPOS="2243"
                    WIDTH="1837"
                    HEIGHT="174">
            <Shape><Polygon POINTS="2192 2243 2153 2243 2140 2261 2084 2243 2062 2243 2019 2248 1997 2248 1906 2261 1819 2274 1797 2261 1771 2248 1758 2248 1715 2248 1671 2248 1628 2248 1593 2248 1567 2261 1532 2282 1311 2282 1272 2261 1254 2252 1237 2252 1220 2252 1202 2261 1150 2282 1063 2261 1046 2256 1020 2256 1011 2256 1007 2261 972 2287 851 2287 812 2261 812 2256 807 2256 803 2256 798 2256 629 2256 633 2356 633 2387 738 2417 742 2417 746 2417 985 2382 1003 2382 1016 2382 1155 2413 1159 2413 1163 2413 1237 2378 1246 2378 1254 2378 1328 2400 1333 2400 1337 2400 1454 2378 1493 2408 1498 2408 1502 2408 1506 2408 1650 2404 1654 2404 1658 2404 1697 2373 1749 2404 1754 2404 1758 2408 1828 2408 1828 2404 1832 2404 1836 2404 1836 2400 1862 2378 1893 2400 1897 2400 1901 2400 1906 2404 2158 2404 2158 2400 2162 2400 2279 2365 2288 2365 2462 2365 2466 2330 2453 2265 2249 2265 2240 2261 2197 2243 2192 2243"/></Shape>
	    <String CONTENT="le Conseil aulique a relaché en sa faveur"
                    HPOS="629"
                    VPOS="2243"
                    WIDTH="1837"
                    HEIGHT="174"></String>
          </TextLine>

          
          
          <TextLine ID="eSc_line_7afb2c2b"
                    TAGREFS="LT1374"
                    BASELINE="629 2465 3447 2443" 
                    HPOS="625"
                    VPOS="2343"
                    WIDTH="2822"
                    HEIGHT="195">
            <Shape><Polygon POINTS="629 2465 629 2504 816 2504 820 2504 872 2538 877 2538 881 2538 885 2538 1098 2504 1215 2534 1220 2534 1224 2534 1228 2534 1289 2512 1511 2534 1515 2534 1519 2534 1524 2534 1580 2499 1663 2525 1667 2525 1671 2525 1676 2525 1776 2495 1810 2525 1810 2530 1815 2530 1819 2530 1823 2530 1828 2530 1919 2508 2149 2530 2153 2530 2158 2530 2210 2504 2509 2525 2514 2525 2618 2521 2622 2521 2627 2521 2627 2517 2657 2491 2826 2491 2870 2525 2874 2525 2878 2525 2883 2525 2887 2525 2983 2486 3057 2517 3061 2517 3065 2517 3195 2495 3230 2521 3235 2521 3239 2521 3243 2525 3352 2525 3352 2521 3356 2521 3447 2478 3447 2443 3439 2378 2883 2343 2878 2343 2874 2343 2787 2378 2787 2382 2683 2382 2475 2382 2409 2347 2405 2347 2401 2347 2396 2347 2288 2382 2284 2382 2205 2352 2201 2352 2197 2352 2192 2352 2110 2382 2110 2387 1923 2387 1897 2387 1858 2356 1854 2356 1849 2356 1845 2356 1841 2356 1776 2382 1693 2356 1689 2356 1684 2356 1680 2356 1676 2356 1632 2382 1571 2360 1567 2360 1563 2360 1324 2387 1320 2387 1315 2387 1202 2356 1198 2356 1194 2356 1189 2356 1185 2356 1185 2360 1159 2391 1155 2391 1150 2391 1050 2360 1046 2360 1042 2360 764 2391 751 2391 746 2391 673 2360 668 2360 664 2360 660 2360 655 2360 625 2378 629 2465"/></Shape>
	    <String CONTENT="le 27 au soir le quey Conduissy au Chatelet quatre Jeunes gens qu"
                    HPOS="625"
                    VPOS="2343"
                    WIDTH="2822"
                    HEIGHT="195"></String>
          </TextLine>

          
          
          <TextLine ID="eSc_line_bd6d365f"
                    TAGREFS="LT1374"
                    BASELINE="629 2569 3043 2595" 
                    HPOS="625"
                    VPOS="2469"
                    WIDTH="2418"
                    HEIGHT="178">
            <Shape><Polygon POINTS="629 2569 625 2599 1055 2630 1059 2630 1294 2608 1307 2608 1315 2608 1437 2634 1441 2634 1888 2617 1936 2638 1941 2638 1945 2638 2218 2617 2231 2617 2297 2643 2301 2643 2305 2643 2596 2621 2753 2647 2757 2647 3039 2621 3043 2595 3043 2530 2965 2486 2961 2486 2957 2486 2952 2486 2913 2504 2640 2482 2635 2482 2631 2482 2557 2521 2453 2482 2449 2482 2444 2482 2440 2482 2375 2508 2336 2482 2331 2482 2327 2482 2323 2482 2318 2482 2236 2521 2114 2521 2075 2482 2075 2478 2071 2478 2066 2478 2062 2478 2058 2478 2053 2478 2053 2482 2010 2517 1910 2517 1828 2517 1793 2486 1789 2486 1784 2486 1780 2486 1776 2486 1706 2512 1667 2478 1663 2478 1658 2478 1654 2478 1650 2478 1645 2478 1611 2504 1563 2482 1558 2482 1554 2482 1550 2482 1454 2512 1450 2512 1441 2512 1350 2482 1346 2482 1341 2482 1207 2508 1202 2508 1155 2469 1150 2469 1146 2469 1142 2469 1137 2469 1055 2508 1050 2508 1037 2508 929 2486 924 2486 920 2486 872 2504 829 2473 825 2473 820 2473 816 2473 812 2473 807 2473 768 2504 764 2504 629 2504 629 2569"/></Shape>
	    <String CONTENT="vouloient forcer Un Cabinet ou il y avoit 6000.^lt despeces"
                    HPOS="625"
                    VPOS="2469"
                    WIDTH="2418"
                    HEIGHT="178"></String>
          </TextLine>

          
          
          <TextLine ID="eSc_line_b00117c3"
                    TAGREFS="LT1374"
                    BASELINE="633 2673 3408 2690" 
                    HPOS="629"
                    VPOS="2582"
                    WIDTH="2779"
                    HEIGHT="195">
            <Shape><Polygon POINTS="3004 2595 3000 2595 2813 2617 2770 2621 2761 2617 2731 2595 2718 2595 2692 2595 2622 2617 2609 2617 2583 2612 2405 2590 2401 2590 2396 2590 2318 2612 2314 2612 2305 2612 2231 2590 2227 2590 2223 2590 2218 2590 2214 2590 2192 2608 2188 2617 2166 2608 2114 2590 2110 2590 2106 2590 1984 2608 1941 2617 1489 2617 1428 2604 1324 2582 1155 2582 1150 2582 1146 2582 1142 2582 1120 2599 1098 2608 633 2595 633 2673 629 2742 755 2721 942 2747 959 2747 963 2747 968 2747 972 2747 998 2725 1046 2747 1059 2751 1063 2751 1068 2751 1072 2751 1085 2747 1124 2725 1159 2747 1189 2760 1194 2760 1198 2760 1202 2760 1207 2760 1228 2747 1267 2721 1424 2742 1567 2764 1571 2764 1576 2764 1580 2764 1615 2742 1650 2725 1845 2725 1867 2742 1884 2755 1888 2755 1893 2755 1897 2755 1901 2755 1962 2738 2023 2725 2106 2738 2244 2764 2249 2764 2253 2764 2340 2738 2370 2729 2401 2738 2509 2768 2514 2768 2518 2768 2674 2742 2753 2773 2757 2773 2761 2777 3252 2777 3252 2773 3256 2773 3404 2729 3408 2690 3404 2625 3156 2599 3152 2599 3148 2599 3091 2621 3083 2621 3078 2621 3009 2595 3004 2595"/></Shape>
	    <String CONTENT="on donnera la semaine prochaine sur le theatre francois la premiere"
                    HPOS="629"
                    VPOS="2582"
                    WIDTH="2779"
                    HEIGHT="195"></String>
          </TextLine>

          
          
          <TextLine ID="eSc_line_e5612a43"
                    TAGREFS="LT1374"
                    BASELINE="629 2794 2331 2786" 
                    HPOS="625"
                    VPOS="2695"
                    WIDTH="1706"
                    HEIGHT="182">
            <Shape><Polygon POINTS="629 2794 629 2877 2331 2864 2331 2786 2318 2716 2071 2716 2019 2695 2014 2695 2010 2695 2006 2695 2001 2695 2001 2699 1980 2716 1975 2725 1897 2725 1893 2721 1862 2695 1858 2695 1854 2695 1641 2695 1637 2695 1632 2695 1628 2695 1593 2721 1593 2725 1398 2725 1393 2725 1372 2703 1372 2699 1367 2699 1363 2699 1233 2699 1228 2699 1224 2699 1163 2725 1124 2699 1120 2699 1115 2699 1111 2699 1107 2699 1102 2699 1076 2721 911 2703 907 2703 625 2729 629 2794"/></Shape>
	    <String CONTENT="representation de la tragedie de phirus./."
                    HPOS="625"
                    VPOS="2695"
                    WIDTH="1706"
                    HEIGHT="182"></String>
          </TextLine>

          
        </TextBlock>
        

        
      </PrintSpace>
    </Page>
  </Layout>
</alto>
