2903 3994
912 159 1361 177 Le 9. mars 1726

526 369 2057 190 Le fils de feu m. Paignon rue des

526 539 709 163 deux boulles

522 678 2197 194 Il emprunte 40 mile livres, pour payer

532 842 2151 153 une charge de Threzorier de france,

529 995 2094 129 et sur cet emprunt a bonnes et

502 1128 2157 193 suffizantes hypotheques, il est forcé

512 1298 2151 159 de donner 10 mile livres D'Intherest

522 1444 2074 180 qui est d'une uzure exhorbitante.

516 1597 842 193 La Bourse

512 1764 2164 186 Elle est presque publique, et poura

516 1923 2147 140 bien reprendre le train de lhôtel

519 2070 2134 183 des 4 provinces rüe s.^t martin, on

526 2226 2094 183 y trouve de l'argent que sur les

516 2393 2100 179 actions, et l'encompte des effects

509 2569 2121 160 commerçables y est trés difficille

516 2742 2190 183 entre particulliers, a 23 pour cent

512 2908 2147 207 D'Intherest ce qui ne peut tendre

529 3098 2047 173 qu'a manifester la deroute des

529 3255 2097 189 marchandz qui sont chargés de

968 3408 653 229 payements.

2396 206 144 100 101
