2964 4046
1298 131 1241 162 Le 10. mars 1726

681 316 607 186 Les loyers

684 485 2209 185 Il n'y a presque point de proprietaires

691 640 2114 186 de maisons qui ne flechisce a les

2434 600 108 81 nt

694 805 2209 169 diminuer vollontairement, ou daccept

2758 765 98 108 er

701 960 2104 182 les congés ce qui fait Espérer, que

711 1105 2118 179 le Roy p'ourroit ascès facillement

698 1277 1888 155 les resiller tous par un arrest.

694 1422 2182 186 M̃. le Curé de s.^t nicolas des Champs

812 1601 1996 169 Tous ses paroisciens le Loüent

704 1760 2108 158 beaucoup des grandes aumones qu'il

691 1894 2138 169 fait depuis trois ou quatre mois, en

698 2029 2164 189 fournissant 30 L̶ dEspesces chaque iour

691 2191 2175 189 D'Extraordinaire pour le soulagement

698 2363 718 165 des pauvres

698 2454 1642 236 M. le Curé de s.^t sulpisce

704 2643 2128 202 Il occupe ausci 3 - a 400 filles par

708 2795 2097 175 iour pour filler du lin et du cotton a

698 2946 2117 169 4 s par iour avec un pain dune livre

714 3085 2003 195 a chaquune, si M.^s les autres Curés

704 3226 2111 202 en faisoyent de meme, Il y auroit beau

704 3375 1413 256 coup moins de miserables.
