2903 3994
496 256 699 263 Monseigneur

516 948 2230 137 Je suis faché d'estre obligé d'importunér encore

532 1078 2221 150 Votre Grandeur au Sujét du nommé detournow

549 1218 2077 129 que Vous avéz euë la bonté de faire venir

522 1351 2147 130 devant, Vous ; Lequel continue malgré

535 1474 2181 166 les deffences sevéres de Votre Grandeur de me

529 1624 2174 146 decrier dans le monde, jusques à tel point

535 1774 2005 116 que me trouvant dimanche dernier à

519 1903 2084 130 l'hotel de Soissons, il eut l'insolence de

519 2056 2164 124 m'insultér publiquement jusques à me

489 2186 2157 140 traittér de fripon et d'espion. J'ÿ aÿ

522 2333 2171 126 repondue comme j'aÿ cruë que mon

522 2482 2231 114 honneur l'exigoit sans neanmoins estre

512 2619 2211 106 venuë à des certaines extremités. Mais

522 2772 2054 123 comme il me seroit impossible d'usér

526 2915 2180 117 de pareilles moderation en cas que cet

239 3002 2381 233 homme m'attaquoit une seconde fois ;

519 3201 2067 117 sans faire tort à ma reputation ; Je

539 3318 2071 289 prend recours à Votre Grandeur, et je la

2317 173 119 199 107
