2964 4046
687 465 2189 131 supplie trés humblement de vouloir encore

698 600 2205 124 ÿ interposér son authorité en faisant venir

694 714 2165 135 cet homme devant Elle, ou du moins luÿ

681 846 2127 135 envoyér un Exempt de Votre part, avec

671 974 2026 135 des deffences rigoureuses, de ne plus m'

671 1112 2107 128 insultér par les suites directement nÿ

671 1247 2218 138 indirectement, nÿ devant nÿ derriére moÿ

660 1392 2216 128 et qu'en cas quil à quelque pretention à

664 1517 2229 141 ma charge de m'attaquér par la voÿe de

650 1648 2165 162 La Justice. J'espére que Votre Grandeur

664 1810 2107 125 ne me refusera pas sa protection cÿ

667 1958 2222 139 dedans, et qu'Elle ne souffrira point que je

674 2124 2229 128 sois decouvert par la langue de cet homme

681 2275 2222 125 qui ne parle que par haine et vangance

674 2407 2182 128 et qu'outre cela mon honneur ÿ soit

674 2548 2229 145 outragé, sans quoÿ je serois obligé pour

677 2700 2202 125 le mettre à couvert, de me vangér de cet

691 2835 2036 115 homme d'une maniére que Votre

660 2980 2229 152 Grandeur n'approuveroit certainement

704 3139 2064 141 point. mais comme je respecte fort

714 3287 2169 145 Les deffences de mon Roÿ, et que ce seroit

718 3449 1891 172 malgré moÿ si j'estois obligé d'ÿ
