2903 3994
456 119 1511 153 A Paris le 5. Janvier 1726.

9 712 2464 163 L'on mande de Lisbonne qu'il y est arrivé

49 878 2347 157 une Tartanne dont les officiers ont dit que

66 1031 2327 147 Plusieurs Pirates les auõient attaqués, Et deux

49 1194 2377 187 Vaisseaux Espagnols avec lesquels jls faisoient

49 1381 2434 196 voile, et qu'ils ont osé les poursuivre presque

53 1564 2360 146 a l'Embourchure de la Tamise ou jls auoient été

69 1737 2304 173 forcés de se remettre pour Eviter d'estre pris ;

83 1900 2490 210 que ces deux Vaisseaux Espagnols ont repris une

63 2093 2537 173 nouvelle route pour revenir a Cadix, le Vent ayant

53 2269 2450 167 Eloigné les Pirates : Ces Batimens n'etoient

59 2449 2487 177 chargés que de Bois pour fabrication de vaisseaux.

123 2662 2473 157 L'on mande de Dannemarck que quelque soin que

69 2819 2494 183 le Roy prenne pour se dispenser de prendre party

69 2968 2514 187 dans l'alliance de ses Voisins, Il s'y trouvera forcé

66 3155 2437 170 par l'Evenement ; L'on ajoute du même Lieu que

1967 279 176 127 12
