2964 4046
354 246 2556 178 l'jmperatrice de Russie ou la Czarine ayant obtenu

354 404 2431 159 de S. M. Danoise la Permission de Louer 20000.

364 559 2333 182 Chevaux dans ses Etats, L'officier qui en a eû la

374 751 2475 135 Commission S'est trouvé malheureusement ensevely

381 896 2461 152 entre Deux Ravines avec ses Chevaux, et qu'il en a

354 1045 2458 155 perdu 6500. tous ceux qui les Conduisoient ont été

350 1200 2543 148 entrainés dans le Torrent sans quil s'en soit sauvé un.

397 1385 2452 159 L'on mande de Cadix que le grand calme qui regne

340 1517 2495 165 depuis quelque tems Seulement a l'occasion des mouvemens

327 1662 2569 138 Militaires sur la nouvelle année ont remis cette Ceremonie

377 1813 729 115 a un autre tems.

445 1921 2407 196 M. Le Comte Tarlos parent du Roy d'angleterre

357 2087 2438 198 qui a eû l'honneur d'Etre Employé dans les Negociations

347 2255 2380 172 du Mariage du Roy, a été nomme Commandent

367 2414 2452 165 des ordres de S. M. le premier jour de cette année,

404 2569 2441 155 C'est le même qui a été fait precedemment Lieutenant

370 2731 2475 145 general des armées du Roy, comme recompense

357 2849 1554 175 düe a sa Valeur et a ses services.

468 3007 2401 179 Les circonstances que l'on a debités depuis la mort

354 3172 2508 186 de Mad.^lle de Boüillon dans les nouvelles du Vulguaire
