2942 3979
988 92 1814 143 Nouvelles du s. >< dattées du 27. avril

1028 218 1831 156 1726. envoyées le 10. may suivant au s. ><

1028 331 547 156 ><

782 424 1944 186 Comme les revenus de la Reine douairiere d'Espagne

776 567 1937 185 sont beaucoup diminués depuis la baisse des Especes en

792 673 1994 192 france et l'augmentaõn de celles en Espagne on doit faire

786 805 1960 206 une reforme dans sa maison surtout dans son ecurie qui

786 925 1940 199 est fort belle et qu'on va diminuer considerablement

782 1090 1503 166 on congediera aussy quelques gardes du Corps.

892 1187 1850 175 M. le duc d'orleans a été passer quelques jours a

782 1303 1897 182 l'Isle Adam chez M. le s.^r de Conti qui est dans une

782 1419 2010 195 grande liaison avec la maison d'orleans [ quoi qu'on parle

762 1561 2040 169 toujour quil y aura dans peu un nouveau Controlleur general

769 1661 1970 182 des finances, le même bruit a été si souvent repandu qu'on n'y

779 1767 2060 202 ajoutera foi que lors qu'on verra la chose faite ; on est bien

779 1909 2040 179 persuadé que M. le duc est assés porté a ce changement

769 2022 2023 199 mais l'embarras est de trouver un sujet propre a remplacer

789 2171 2040 166 M. dodun. M^rs. Pelletier des forts, et fagon ne conviennent

769 2281 1944 185 pas a M. le duc, il n'y a que M. de berci que les Paris

719 2413 2080 163 avoient cy devant flatté de cette importante charge, et

749 2529 2050 189 qui ayant vû ses esperances frustrées trouvera peut être

746 2655 2036 209 a present de l'opposition de la part des mêmes Paris, de

749 2815 1168 142 crainte quil ne soit pas leur ami

825 2898 1984 175 Je viens d'apprendre que la resolution prise de reformer

766 3020 1980 143 la maison de la Reine doüairiere d'Espagne ne procede

756 3130 2003 155 pas tant de la diminution de ses revenus, que des avis qu'on

769 3242 1990 166 a recûs de Madrid que le Roy d'Espagne avoist resolu

2467 318 143 109 191
