2964 4046
684 84 1990 141 de ne plus payer sa pension ou pretend même que le P.^ce

704 182 1996 151 de Robec a recu une lettre qui annonce cette facheuse

708 320 391 94 nouvelle

748 360 1922 169 on avoit publié que M. de frejus avoit representé

684 492 2067 162 a M. le Duc quil ne convenoit pas que le Roy allât cet

687 613 2081 186 été a Chantilly a cause quil en couteroit trop a ceuz

691 721 2057 216 qui étoient obligés de suivre la Cour, que l'argent

684 866 2074 179 étoit d'une si grande rareté que plusieurs se trouveroient

698 1004 2019 169 même dans l'impossibilité de faire ce voyage, et que

694 1109 2067 205 les affaires ne pouvoient s'y expedier aussi facilement

687 1254 2040 195 et promtement qu'il seroit necessaire : on ajoutoit

704 1379 2013 225 qu'une personne ayant demandé au Roy si s. M.

694 1530 2000 189 n'iroit pas a Chantilly, elle avoit repondu, point

687 1655 2064 223 de Chantilly ; mais tous ces bruits et ces circonstances

687 1783 2013 256 paroissont sans fondement puisque le Roy a resolu

687 1962 1926 205 d'y aller, et que l'on commence a faire des

671 2097 1635 253 preparatifs necessaires pour cela /.
