2903 3994
402 133 613 139 Passart

1225 89 1518 213 A Paris le 10. jan.^er 1726

466 299 2190 200 Le Pere Maignan a êté elu a la

359 442 2124 183 chaire de professeur de Theologie

369 575 2384 193 Vacante depuis quelque tems dans les

376 725 2403 196 ecoles de S.^t Thomas chez les dominiquains

376 858 2323 197 de la vuë S.^t jacques. cette election a

382 1021 2364 177 êté faite conformément aux ordres

382 1164 2401 193 de la Cour, qui permettra aux Religieux

402 1324 2327 170 cy dessus de choisir un de leurs

389 1487 696 177 confreres.

575 1597 2218 177 On a donné des maitres de langues

392 1744 2357 163 au jeune Marquis de Coursy, petit

419 1887 2314 193 fils de M. le marquis de Torsy põ.

409 2043 2364 183 luy aprendre l'espagnol, l'italien,

439 2200 2314 183 et l'allemand, afin qu'il les scache

432 2376 2341 166 en cas qu'il soit emploié par la

432 2522 2317 187 suite pour quelque negociation, il

436 2699 2250 180 est capitaine des gardes de la porte

429 2869 1285 139 a l'age de 18. ans.

582 2995 2087 190 M.^r la fontaine des bordes doyen

442 3191 2257 373 des conseillers du grand conseil est

2540 286 90 106 21
