2964 4046
482 165 2367 165 mort depuis peu, il etoit garçon, on

478 306 2334 172 luy a trouvé pour un million d'especes

482 434 2377 176 anciennes de france, et quantité

485 596 2377 169 d'etrangeres de toutes les monnoyes

485 741 2286 186 de l'Europe et même des quatre

485 906 2367 166 parties du monde, qu'il avoit recherché

485 1055 2371 175 par curiosité, il etoit fils d'un riche

478 1200 2327 175 negociant sur mer, il jouissoit de

478 1385 1245 149 100000.^lt de rente.

623 1497 2192 195 Le 9. du courant on a publié un

505 1655 2246 169 arrest du conseil d'etat du Roy

499 1800 2370 175 portant reglement pour le 30.^e au sujet

495 1955 2246 162 des communautés, et corps des arts

499 2100 728 155 et metiers.

654 2211 2222 186 La diminution des especes du mois

519 2366 2347 196 de fev.^er prochain est aussi seure que

526 2515 2252 182 l'a êté celle du mois courant, et

515 2690 2361 172 quoique disent certaines gens, elle

522 2852 2340 155 ne sera point prorogée, parceque

522 2970 2323 155 tous les arrangemens sont pris

526 3112 2319 141 pour que cette diminution ait lieu

623 3260 2148 297 Le Roy a donné depuis peu un
