2965 4006
607 136 1767 134 nouvelles de >< .... donneés le 23. may 1726.

621 230 1686 153 e envoyées a ><. de ><. le 27. may

924 387 1035 160 A Paris ce 20. may 1726.

327 530 2257 214 il y a un mois que M. leblanc cyd.^t Ministre de la guerre

313 657 2127 227 ne pouvait plus soutenir la depense d'une table se retira

310 787 2271 224 d avranches a Lizieux ou il se mit en pension. Comme Mad^e.

310 918 2257 247 de Prie en allant a sa terre en Courbepine a passé a lisieux

310 1064 2214 244 le bruit s'est repandu que M. leblanc s'y etoit trouvé en même

300 1191 2227 251 tems, et qu'après avoir eu une conference avec M de senetere

307 1318 2200 261 il avoit ensuite vû cette dame d'ou l'on concluoit que M. Le

300 1472 2257 277 blanc pourroit bien être rappelé. la verité est que ce dernier

297 1645 2217 254 pour épargne est a lisieux depuis un mois, et que le Comte

307 1812 2213 241 de senectere qui accompagnoit Mad.^e de Prye et qui

307 1942 2217 227 connoit fort M. Le blanc l'est allé voir. mais en asseure

303 2093 2091 237 que celui ci n'a pas été voir cette dame a lisieux

400 2240 2084 243 ou seulement seulement qu'il l'a été voir ensuite a

313 2393 2050 237 Courbépine a cause qu'il avoit envoyé prendre des

313 2533 2104 247 chevaux de poste, et qu'il a été un jour absent sans

313 2754 835 143 dire ou il alloit

400 2830 1977 207 Mad.^e de prie étoit attendue hier a versailles

353 2977 2231 231 les amis de M leblanc se flattent que si on a la guerre

367 3141 1546 214 il sera infailliblement rappellé.

440 3224 2074 251 les negociants francois inquiets sur le bruit que la

2050 347 394 150 228. et 229
