2926 4016
666 147 2079 191 flotte angloise pourroit enlever les Gallions se sont

686 297 2055 164 adressés a M de Mar pour savoir sil ne

706 431 2005 184 convenoit pas qu'ilz sen separassent

957 582 1845 164 Les anecdotes du mois de mars 1726. portées

957 689 1871 174 dans le Recueil des Lettres du [?] >de la<

1051 843 1754 181 ><. etoient ensuite de ces 1.^eres nouvelles.

636 1010 1971 234 personne n'ignore les services que le duc de

703 1164 1931 194 Mortemart a rendus a M de frejus lors

632 1285 2086 261 quil quitta la Cour et qu'il ne contribua par

629 1398 2163 292 peu a encourager le Roy de le rappeller. Ce duc

649 1562 2092 268 s'est broüillé par là avec Mad̃. de Prye et M.

703 1713 2092 221 du verné ; ceux cy pour se vanger l'ont empêché

652 1854 2170 241 d'être du second voïage de Marly quoi qu'il

666 2011 2183 241 l'eût demandé, M de frejus n'a pas eu le credit

679 2148 2026 268 ou n'a pas voulu l'employer en faveur de M.

636 2382 853 131 de Mortemart

739 2453 2120 217 Il y a quelques Jours que Mad̃. Royalle voulant

726 2586 2109 238 user de son droit suivit le Roy qui alloit se

679 2714 2129 257 mettre a Table elle demanda un couvert et un

669 2858 2139 227 Tabouret. On assure que S. A. R. eu agit ainsi

656 3015 2196 221 de concert avec le Roy. Mad̃. Royalle voyant

652 3172 2096 288 que le Garçon de la Chambre ne se pressoit
