2903 3994
472 389 763 210 Monseigneur

406 1248 2134 149 La crainte dans laquelle je suis que les

499 1394 2150 133 calomnies que le nommé detournow a dit,

499 1514 2220 133 à Votre Grandeur, de moÿ, n'ont laissé une

502 1657 1998 133 mauvaise idée de ma personne dans

499 1780 2160 140 Votre esprit, me fait prendre la liberté

499 1913 2150 147 de Vous detailler le fait en peu de mots

499 2053 2180 140 et de Vous supplier tres humblement de

496 2183 2243 126 Vouloir vous informér de la verité d'icelles

499 2323 2257 136 à Monseigneur Le Chancellier d'Argenson

492 2462 2098 124 et à Monsieur Bazin, qui sont toutes

486 2582 2260 177 deux instruit à fond de l'affaire aÿant

496 2755 1285 133 passé par leurs mains.

466 2865 2283 170 Je suis venue L'année 1719 en france pour

442 3015 2204 143 fait de religion voulant abdiquer celle

499 3128 2237 157 des Reformés, et embrassér La >P

2183 3221 94 70 cet

509 3265 2137 143 Apostoliques et Romaines, pour effet je

519 3371 2224 233 me mis entre les mains de Monseigneur

2220 119 256 103 24 janv

2337 239 116 253 35
