2964 4046
461 107 2293 139 Le Cardinal de Noailles si tost que je fus arrivé

468 202 2428 152 et peu de temps apres je fis mon abjuration entre

461 333 2324 125 ses mains apres avoir invité ma famme qui

465 468 2269 98 n'avoit pas voulu me suivre avec ces enfans

448 539 2414 135 en france, de suivre mon exemple. Mais Elle

438 660 2448 166 et sa famille fort piqué de mon changement

431 795 2243 128 de religion scuct obtenir en Hollande que

445 896 2326 132 notre Mariage fut entierement dissolu, et

445 1011 2208 125 chacun remise en liberté de pouvoir ce

448 1126 2155 148 remarier et Elle fit si bien sur des faux

445 1254 2175 148 exposées ; que j'avois emporté baucoup des

451 1355 2445 158 diamants à elle appartenantes, qu'Elle obtient

461 1497 2263 155 une lettre de cachet contre moÿ et je fus

468 1608 2310 158 mise au fort l'Eveque, d'ou je sortois cinq

458 1736 2344 135 jours aprés, par ordre de feu Monseigneur

404 1847 2313 145 Le duc d'orleans, apres luÿ avoir fait voir

445 1979 2417 131 clairement la faussete de ce qu'elle avancoit

438 2110 2441 138 et que je n'avois rien emporté que ce qu'il

458 2235 2344 131 appartenoit à moy, et j'eue encore la bonté

445 2377 2360 141 malgré que je n'ÿ fus nullement obligé

455 2488 2407 135 de cedér et donnér à mes enfants les diamants

465 2636 2391 135 que leurs mere m'avoit si faussement voulu

451 2754 2192 152 imposér l'avoir emporté, ce que fis en

448 2879 2381 142 considérant que c'estoit a mes enfants et non

445 2990 2181 145 pas à Elle que je les donnois, ainssÿ les

455 3105 2428 155 avois je donné qu'a condition que ce bien que

461 3233 2374 142 je venois de donner volontairement et non

445 3351 2367 239 par contrainte fut mis entre les mains des
