5103 6647
509 548 449 238 < >

642 210 4311 255 ++ on fait plus ; on anéantit la souverainete même ; < on > < on > aucune section

991 354 3325 271 du peuple ; le peuple s'en attribue l'exercice, quand il dit.

1268 531 3585 244 la nation ne peut < exercer > les exercer que par delegation.

1833 681 3087 183 remarquez bien que ce sont vos comités qui ont violé la

1822 841 1862 228 constitution et moi qui la defens.

1817 1135 316 133 1750, 1

3989 1046 842 194 1750, 1751, 1752, 1753

598 858 787 222 >la< le pouvoir

493 1019 1174 238 - legislatif, le pouvoir

581 1207 1081 216 judiciaire, le pouvoir

537 1329 1064 227 executif < ne > sont des

531 1539 1064 216 parties du pouvoir

542 1656 970 271 souverain, divisié

487 1866 1047 272 < p > sous le rapport

548 2060 1141 211 des divers objets auxquels

2482 2077 570 266 il n'y a q

548 2204 947 255 il s'applique +°

709 2392 975 239 < si la nation alienait >

504 2603 1119 244 < de quelque maniere que >

576 2802 1075 216 +++ remarquez je

421 2963 1462 238 vous prie que le pouvoir

404 3107 1297 316 legislatif ne peut etre

426 3306 1347 266 delegué de cette maniere :

454 3506 1307 260 car il est l'essence même

387 3633 1164 344 de la souveraineté.

808 3849 422 139 Rousseau.

537 3866 1097 221 il n'y auroit plus

382 4004 1258 288 meme l'ombre de la

382 4170 1296 277 volonté générale ; puis

410 4331 1268 272 que l'on suppose ici que

454 4470 1241 282 le Roi partage cette delé

454 4591 1413 300 gation du pouvoir legislatif

1036 4735 343 133 ++++

581 4636 4377 399 +° le pouvoir doit etre bien distingué<> des fonctions ; la nation delegue

781 4852 4161 360 en effet les diverses fonctions publiques ; mais le pouvoir ne peut

853 5046 3845 332 etre aliené ni délégué. Si l'on pouvoit deleguer ces pouvoirs < il >

880 5323 111 133 il

581 5223 4322 371 en detail, s'ensuivroit, que la < n > souveranité pourroit etre < alie > deleguée ; et alors

786 5395 4161 393 vous adopteriez ce qu'a proposé < le comité > M. Malouet ; vous feriez

786 5561 4156 410 plus ; vous decreteriez qu'elle peut etre aliénée. car la délegat

720 5760 4189 427 est perpetuele. ni convention ; ni aucun moien pour la nation

814 6026 2876 465 de reformer les abus du corps legislatif +++
