5152 6647
310 803 1374 243 sein ; et par le fait ils n'y

293 1002 1285 216 aura que des gens au marc

271 1146 1313 249 d'argent qui soient elus.

260 1312 1340 255 les citoiens actifs n'iront

260 1622 288 172 pas.

481 1656 1086 288 refutation des motifs

321 1883 1307 238 les richesses corrompent

343 2043 1224 300 plus que la pauvreté

465 2254 1119 271 ce seroient plutot les

387 2381 1341 344 millionnaires qu'il faudrait

332 2620 1390 265 exclure que les gens a dix

299 2847 1091 249 journées d'ouvriers.

537 2991 1208 266 ce decret est votre propre

515 3218 376 199 satire.

498 3373 1097 216 ceux qui vous ont elus

387 3495 1335 315 peuvent-ils etre depouillés

371 3761 731 216 par vous ?

526 3810 1219 333 la prochaine legislature

304 4076 1202 239 ne voudra donc rien.

542 4259 1047 299 que signifie votre

260 4442 1340 299 garantie de l'égalité des

304 4608 1324 238 droits : l'admissibilité à

1063 254 637 205 limiter les.

2010 132 3009 216 < pour > le motif de supprimer le marc d'argent s'appliq

1855 265 3158 216 < ai > avec plus de force encore a ce qui concerne les electeurs. quel

1872 393 3141 244 peut etre le motif ? de laisser la consciance libre : mais le [?]

1855 537 3114 194 des electeurs est aussi l'ouvrage de la confiance. de prevenir

1855 648 3092 199 l'aristocratie des richesses : mais vous l'introduisez < par > encore

2110 758 2870 239 plus surement. les electeurs choisissent ordinairement dans leur

193 4630 3878 454 tous les emplois. qu'importe que vous aiez supprimé la noblesse ?

415 4990 1307 371 quelle etoit la garantie

354 5217 1097 305 d'aristide ; qu'elle etoit

321 5433 1163 327 la garantie de rousseau.

337 5649 1131 322 un deputé < qui > riche

404 5816 1113 349 veut augmenter < de > sa

432 5993 1080 299 fortune ; un deputé

520 6181 936 227 pauvre veut

548 6331 665 194 etre libre.

1966 4863 1424 277 contradiction des comités.

1661 5046 3286 332 le ministere ; la legislature : et ils croient qu'il n'est permis

1562 5384 138 188 de.

1894 5212 2992 382 ils croient qu'une incompatibilité qui resulte de la nature

1589 5389 3213 421 meme de la chose, pour empecher la perpetuité, et la

1634 5589 3202 387 coalition du < po > corps legislatif avec le roi contre la nation !

1628 5777 3307 388 et ils ne trouvent aucun inconvenient à < > < exclure les >

1573 6126 731 365 < representans de >
