5152 6647
2204 620 244 199 41

354 858 4282 255 paraîtra l'exiger, ainsi que dans les cas que le corps Lé-

387 1041 4316 282 -gislatif aura prévus et déterminés, avant de s'ajourner.

2321 1224 304 232 VI

365 1401 4221 271 Toutes les fois que le roi se rendra au lieu des séances

365 1595 4360 260 du corps législatif, il sera reçu et reconduit par une dépu-

354 1783 4321 260 -tation ; il ne pourra être accompagné dans l'intérieur des

343 1988 2022 255 salles que par les ministres.

2282 2127 327 216 VII

360 2259 4415 244 Dans aucun cas le président ne pourra faire partie d'une

332 2459 986 199 deputation.

2260 2520 415 249 VIII

360 2669 4321 272 Le corps législatif cessera d'être corps deliberant tant

343 2908 1595 221 que le roi sera présent.

2332 2968 316 239 IX

343 3107 4327 271 Les actes de la correspondance du Roi avec le corps législa

343 3334 3850 260 -tif seront toujours contresignés par un ministre.

2398 3528 288 238 X

343 3655 4310 233 Les Ministres du Roi auront entrée dans l'Assemblée

371 3871 4321 233 nationale legislative ; ils y auront une place marquée ;

398 4049 4238 227 ils seront entendus sur tous les objets sur lesquels ils de-

371 4248 4193 260 -manderont à l'être, et toutes les fois qu'ils seront

376 4497 2970 238 requis de donner des eclaircissements.

1512 4758 1534 277 Chapitre IV

1074 5018 3119 249 De lexercice du pouvoir exécutif.

2143 5240 172 155 I

404 5312 4326 315 Le pouvoir exécutif suprême réside exclusive-
