2615 3408
105 71 54 93 3.

267 96 2217 185 le plus beau des châteaux, et Madame la meilleure

252 235 862 139 des baronnes possibles.

363 380 2078 188 Il est démontré, disait-il, que les choses ne peuvent

252 545 2300 170 être autrement. car tout étant fait pour une fin,

255 695 1981 168 tout est nécessairement pour la meilleure fin.

250 866 2296 153 remarquez bien que les nez ont été faits pour porter

244 1019 2217 122 des Lunettes. les jambes sont visiblement instituées

261 1150 2157 167 pour être chaussées, et nous avons des chausses. les

244 1317 2189 162 pierres ont été formées pour être taillées, et pour en

261 1468 2157 153 faire des châteaux, aussi Monseigneur a un trés

247 1618 2285 151 beau château. le plus grand baron de la province doit

244 1772 2302 162 avoir le plus grand château ; et les cochons étant faits

247 1939 2308 168 pour être mangés, nous mangeons du porc toute l'année

250 2090 2177 173 par conséquent ceux qui ont avancé que tout est

233 2229 2299 187 bien ont dit une sottise. il fallait dire que tout est

235 2411 620 119 au mieux.

352 2541 2118 154 Candide écoutait attentivement, et croïait<>

238 2689 2160 176 innocemment ; car il trouvait Mademoiselle

241 2840 2291 187 Cunégonde extrémement belle ; quoi qu'il ne prit jamais

233 2979 2185 224 la hardiesse de le lui dire. il concluait qu'aprés le
