2628 3391
164 76 99 118 4.

387 81 2198 145 bonheur d'être né baron de Thunder ten tronckh, le

356 226 2221 135 second degré de bonheur était d'être Mademoiselle

370 384 2170 141 Cunégonde, le troisième de la voir tous les jours,

370 517 2204 166 et le quatriéme d'entendre maître Pangloss, le plus

367 695 2198 164 grand philosophe de la province, et par conséquent

325 842 764 132 de toute la terre.

455 991 2057 161 Un jour cunégonde en se promenant auprés du

347 1133 2198 175 château, dans le petit bois qu'on appellait parc, vit

356 1294 2144 150 entre des broussailles le docteur qui donnait une

342 1449 2223 178 leçon de phisique expérimentale à la femme de chambre

325 1613 2119 144 de sa mére, petite brûne trés jolie et trés docile.

359 1768 2181 153 comme mademoiselle cunégonde avait beaucoup de

345 1921 2209 175 disposition pour les sciences, elle observa sans soufler

356 2082 2158 170 les expériences réïterées dont elle fut témoin. elle vit

350 2218 2170 186 clairement la raison suffisante du docteur, les éffets

370 2379 2144 167 et les causes ; et s'en retourna toute agitée, toute

376 2537 2034 164 pensive, toute remplie du désir d'être savante,

367 2676 2136 175 songeant qu'elle pourait bien être la raison suffisante

370 2820 2006 206 du jeune Candide qui pouvait aussi être la sienne.

509 2967 2039 195 Elle rencontra Candide en revenant au chateau

2328 3094 127 150 et
