<?xml version="1.0" encoding="UTF-8"?>
<alto xmlns:xsi="http://www.w3.org/2001/XMLSchema-instance"
      xmlns="http://www.loc.gov/standards/alto/ns-v4#"
      xsi:schemaLocation="http://www.loc.gov/standards/alto/ns-v4# http://www.loc.gov/standards/alto/v4/alto-4-2.xsd">
  <Description>
    <MeasurementUnit>pixel</MeasurementUnit>
    <sourceImageInformation>
      <fileName>12_448e7_default.jpg</fileName>
      <fileIdentifier>https://gallica.bnf.fr/iiif/ark:/12148/btv1b8458202f/f13/full/full/0/default.jpg</fileIdentifier>
    </sourceImageInformation>
  </Description>
  
  <Tags>
    <OtherTag ID="BT4234" LABEL="QuireMarksZone" DESCRIPTION="block type QuireMarksZone"/><OtherTag ID="BT4233" LABEL="StampZone" DESCRIPTION="block type StampZone"/><OtherTag ID="BT4231" LABEL="MainZone" DESCRIPTION="block type MainZone"/><OtherTag ID="BT4232" LABEL="NumberingZone" DESCRIPTION="block type NumberingZone"/>
    <OtherTag ID="LT1391" LABEL="DefaultLine" DESCRIPTION="line type DefaultLine"/><OtherTag ID="LT1392" LABEL="HeadingLine" DESCRIPTION="line type HeadingLine"/>
  </Tags>
  
  <Layout>
    <Page WIDTH="2616"
          HEIGHT="3414"
          PHYSICAL_IMG_NR="12"
          ID="eSc_dummypage_">
      <PrintSpace HPOS="0"
                  VPOS="0"
                  WIDTH="2616"
                  HEIGHT="3414">
        
        <TextBlock HPOS="91"
                   VPOS="56"
                   WIDTH="122"
                   HEIGHT="100"
                   ID="eSc_textblock_3374403b"
                   TAGREFS="BT4232">
          <Shape><Polygon POINTS="91 156 102 56 190 56 213 133"/></Shape>
          
          
          <TextLine ID="eSc_line_e106bf94"
                    TAGREFS="LT1391"
                    BASELINE="82 133 185 133" 
                    HPOS="82"
                    VPOS="73"
                    WIDTH="103"
                    HEIGHT="89">
            <Shape><Polygon POINTS="173 85 128 73 125 73 122 73 119 73 82 85 82 133 82 162 185 162 185 133 185 130 173 85"/></Shape>
	    <String CONTENT="5."
                    HPOS="82"
                    VPOS="73"
                    WIDTH="103"
                    HEIGHT="89"></String>
          </TextLine>

          
        </TextBlock>
        
        <TextBlock HPOS="193"
                   VPOS="79"
                   WIDTH="2388"
                   HEIGHT="2831"
                   ID="eSc_textblock_10eaf1a7"
                   TAGREFS="BT4231">
          <Shape><Polygon POINTS="2536 691 2422 796 2581 910 2559 2421 2479 2537 2467 2660 1978 2728 1241 2728 1161 2751 1101 2853 646 2910 261 2842 250 1559 204 1351 239 910 193 793 239 679 250 136 751 102 1465 125 1742 79 2490 79 2547 147"/></Shape>
          
          
          <TextLine ID="eSc_line_c6f05ba3"
                    TAGREFS="LT1391"
                    BASELINE="261 230 2522 210" 
                    HPOS="259"
                    VPOS="102"
                    WIDTH="2263"
                    HEIGHT="162">
            <Shape><Polygon POINTS="2504 102 2479 102 2476 102 2473 102 2470 102 2467 105 2416 145 2117 145 2058 116 2052 113 2049 113 1975 110 1972 110 1969 110 1966 110 1955 119 1935 130 1910 119 1875 105 1873 105 1870 105 1733 108 1730 108 1662 128 1605 142 1579 128 1571 125 1568 125 1565 125 1562 125 1551 130 1500 150 1414 133 1409 133 1406 133 1397 133 1300 147 1283 136 1263 122 1261 122 1258 122 1255 122 1252 122 1189 139 1138 153 1110 142 1104 139 1101 139 1098 139 1078 142 1024 153 1010 145 962 113 959 113 956 113 905 113 902 113 737 116 734 116 731 116 680 153 631 116 629 116 626 116 623 116 620 116 512 156 503 162 432 162 429 159 367 125 344 128 335 128 259 162 261 230 261 236 330 261 333 261 518 264 520 264 523 264 586 236 888 236 942 256 945 256 947 256 950 256 953 256 987 233 1078 233 1178 258 1181 258 1184 258 1187 258 1243 230 1303 250 1306 250 1309 250 1369 238 1525 256 1528 256 1935 224 1958 224 1964 224 2035 250 2038 250 2040 250 2191 224 2206 221 2211 224 2263 241 2265 241 2268 241 2271 241 2325 224 2487 244 2490 244 2493 244 2496 244 2522 224 2522 210 2516 116 2507 105"/></Shape>
	    <String CONTENT="et rougit. Candide rougit aussi ; elle lui dit bonjour d&#39;une"
                    HPOS="259"
                    VPOS="102"
                    WIDTH="2263"
                    HEIGHT="162"></String>
          </TextLine>

          
          
          <TextLine ID="eSc_line_1a96cf0b"
                    TAGREFS="LT1391"
                    BASELINE="256 401 1044 372 2436 381" 
                    HPOS="253"
                    VPOS="247"
                    WIDTH="2183"
                    HEIGHT="176">
            <Shape><Polygon POINTS="256 401 256 403 310 421 313 421 315 421 509 403 597 395 620 401 674 421 677 421 680 423 805 423 805 421 808 421 811 421 836 401 845 395 876 401 959 412 962 412 964 412 967 412 984 398 999 389 1258 389 1300 398 1394 415 1397 415 1400 415 1426 403 1440 418 1443 418 1446 418 1448 421 1625 421 1625 418 1628 418 1690 392 1707 386 1725 392 1744 401 1747 401 1750 401 1864 392 1910 389 1915 392 1944 415 1947 415 1949 415 1952 415 1955 415 1958 415 1998 392 2006 386 2060 389 2180 401 2183 401 2277 389 2280 389 2282 389 2302 406 2305 406 2308 406 2311 406 2433 386 2436 381 2433 301 2411 287 2408 287 2405 287 2402 287 2399 287 2396 287 2376 304 2371 310 2223 310 2191 307 2092 290 2089 290 2086 290 2023 307 2012 310 2009 307 1927 247 1924 247 1921 247 1918 247 1699 261 1670 250 1668 250 1665 250 1662 250 1625 264 1172 250 1169 250 1167 250 1093 284 1058 275 1056 275 1053 275 1050 275 1047 275 982 315 953 315 862 315 859 315 768 278 765 278 762 278 760 278 683 304 577 281 575 281 572 281 569 281 523 318 253 318 256 401"/></Shape>
	    <String CONTENT="voix entrecoupée, et candide lui parla &lt;&gt;sans savoir ce"
                    HPOS="253"
                    VPOS="247"
                    WIDTH="2183"
                    HEIGHT="176"></String>
          </TextLine>

          
          
          <TextLine ID="eSc_line_6d284eb7"
                    TAGREFS="LT1391"
                    BASELINE="250 549 2522 529" 
                    HPOS="247"
                    VPOS="426"
                    WIDTH="2275"
                    HEIGHT="165">
            <Shape><Polygon POINTS="250 549 250 591 424 554 523 566 526 566 777 551 851 571 853 571 856 571 859 571 910 549 1007 563 1010 563 1013 563 1044 549 1135 560 1138 560 1266 546 1346 569 1391 580 1394 580 1397 583 1545 583 1545 580 1548 580 1596 563 1628 551 1679 560 1716 566 1719 566 1759 557 1836 543 1915 554 1992 566 1995 566 1998 566 2023 551 2026 551 2043 551 2186 566 2189 566 2191 566 2237 549 2251 543 2280 546 2388 563 2391 563 2519 540 2522 529 2516 472 2263 460 2260 460 2200 475 2189 475 2177 475 2058 452 2055 452 1961 466 1873 426 1870 426 1867 426 1759 429 1756 429 1753 429 1696 469 1522 463 1520 463 1517 463 1480 480 1477 480 1463 480 1221 458 1189 435 1187 435 1184 435 990 435 987 435 984 435 888 486 885 489 765 489 765 486 674 446 671 446 668 446 569 469 532 440 529 440 526 440 350 440 347 440 344 440 247 486 250 549"/></Shape>
	    <String CONTENT="qu&#39;il disait. le lendemain aprés le dîner comme on"
                    HPOS="247"
                    VPOS="426"
                    WIDTH="2275"
                    HEIGHT="165"></String>
          </TextLine>

          
          
          <TextLine ID="eSc_line_0444223a"
                    TAGREFS="LT1391"
                    BASELINE="253 694 2507 688" 
                    HPOS="250"
                    VPOS="574"
                    WIDTH="2257"
                    HEIGHT="137">
            <Shape><Polygon POINTS="253 694 253 711 2504 697 2507 688 2499 611 2146 611 2103 591 2100 591 2097 591 2095 591 2092 591 2069 611 1998 594 1995 594 1992 594 1989 594 1944 608 1864 574 1861 574 1665 574 1662 574 1659 574 1585 611 1551 588 1548 588 1545 588 1542 588 1539 588 1460 611 1374 577 1372 577 1303 577 1300 577 1298 577 1175 617 1087 617 1056 594 1053 594 1050 594 1047 594 1044 594 979 614 896 577 893 577 799 577 797 577 794 577 668 611 614 577 612 577 609 577 606 577 603 577 458 614 424 586 421 586 418 586 415 586 412 586 409 586 370 611 327 583 324 583 321 583 318 583 315 583 250 614 253 694"/></Shape>
	    <String CONTENT="sortait de table, Cunégonde et Candide se trouvérent"
                    HPOS="250"
                    VPOS="574"
                    WIDTH="2257"
                    HEIGHT="137"></String>
          </TextLine>

          
          
          <TextLine ID="eSc_line_e36905fb"
                    TAGREFS="LT1391"
                    BASELINE="224 836 2334 830" 
                    HPOS="222"
                    VPOS="742"
                    WIDTH="2112"
                    HEIGHT="134">
            <Shape><Polygon POINTS="224 836 224 842 264 862 267 862 270 862 438 842 455 842 458 842 483 862 486 862 489 862 492 862 495 862 498 862 523 842 543 842 683 842 703 842 836 862 839 862 919 850 953 867 956 867 959 867 962 867 1007 844 1067 876 1070 876 1073 876 1400 873 1403 873 1497 844 1508 842 1574 842 1582 844 1622 873 1625 873 1628 873 1631 873 1633 873 1744 844 1750 844 1813 844 1816 844 1844 870 1847 870 1850 870 1853 870 1855 870 1947 844 1952 842 2169 842 2186 844 2231 859 2234 859 2237 859 2331 844 2334 830 2325 742 2260 756 2200 742 2197 742 2194 742 2191 742 2189 742 2157 768 2072 768 2040 742 2038 742 2035 742 2032 742 2029 742 2026 742 1981 768 1707 768 1676 745 1673 742 1670 742 1668 742 1616 742 1614 742 1611 742 1608 742 1605 745 1582 765 1528 745 1520 742 1517 742 1514 742 1494 745 1411 768 1298 768 1269 748 1269 745 1266 745 1263 745 1081 745 1078 745 1076 745 1070 748 1030 768 990 751 987 751 984 751 982 751 916 768 222 753 224 836"/></Shape>
	    <String CONTENT="derrière un paravent ; Cunégonde laissa tomber son"
                    HPOS="222"
                    VPOS="742"
                    WIDTH="2112"
                    HEIGHT="134"></String>
          </TextLine>

          
          
          <TextLine ID="eSc_line_99320e7f"
                    TAGREFS="LT1391"
                    BASELINE="259 984 2576 995" 
                    HPOS="259"
                    VPOS="887"
                    WIDTH="2317"
                    HEIGHT="151">
            <Shape><Polygon POINTS="259 984 259 1007 657 995 686 1009 705 1018 708 1018 711 1018 828 1009 987 995 1098 1009 1110 1009 1113 1009 1132 1009 1235 1001 1258 1009 1280 1018 1283 1018 1286 1018 1394 1009 1437 1007 1451 1009 1548 1035 1551 1035 1995 1038 1998 1038 2001 1038 2072 1009 2092 1004 2149 1009 2254 1024 2257 1024 2317 1012 2354 1035 2356 1035 2359 1035 2362 1035 2365 1035 2462 1009 2482 1007 2570 1009 2576 995 2570 921 2388 933 2331 918 2282 907 2280 907 2277 907 2214 918 2146 933 2126 918 2109 904 2106 904 2103 904 2038 896 2035 896 2032 896 1964 918 1924 930 1904 918 1870 896 1867 896 1864 896 1810 893 1807 893 1804 893 1756 916 1753 918 1750 916 1710 896 1707 896 1705 896 1702 896 1659 916 1631 930 1599 916 1545 893 1542 893 1539 893 1537 893 1494 916 1488 918 1474 916 1411 901 1409 901 1406 901 1369 916 1337 927 1300 916 1272 907 1269 907 1266 907 1218 916 1212 916 1209 916 1178 890 1175 890 1172 890 1169 890 1064 907 1038 890 1036 890 1033 890 865 890 862 890 859 890 794 913 762 927 594 927 572 913 532 887 529 887 526 887 523 887 520 887 461 913 438 921 259 913 259 984"/></Shape>
	    <String CONTENT="mouchoir ; candide le ramassa, elle lui prit innocemment"
                    HPOS="259"
                    VPOS="887"
                    WIDTH="2317"
                    HEIGHT="151"></String>
          </TextLine>

          
          
          <TextLine ID="eSc_line_5164bc4b"
                    TAGREFS="LT1391"
                    BASELINE="256 1138 2541 1143" 
                    HPOS="253"
                    VPOS="1041"
                    WIDTH="2288"
                    HEIGHT="148">
            <Shape><Polygon POINTS="256 1138 253 1146 512 1152 569 1183 572 1183 575 1186 805 1186 805 1183 808 1183 811 1183 856 1152 993 1169 996 1169 999 1169 1047 1155 1090 1169 1093 1169 1095 1169 1098 1169 1101 1169 1127 1152 1224 1152 1261 1169 1263 1169 1266 1169 1383 1152 1406 1169 1406 1172 1409 1172 1411 1172 1414 1172 1557 1155 1651 1180 1653 1180 1656 1180 1659 1180 1662 1180 1693 1160 1736 1172 1739 1172 1742 1172 1744 1172 1773 1157 1836 1186 1838 1186 1841 1189 2177 1189 2177 1186 2297 1163 2351 1177 2354 1177 2356 1177 2539 1152 2541 1143 2533 1046 2462 1078 2322 1064 2319 1064 2317 1064 2314 1064 2297 1075 2243 1049 2240 1049 2237 1049 2092 1081 1910 1081 1878 1055 1875 1055 1873 1055 1870 1055 1867 1055 1864 1055 1833 1081 1659 1081 1574 1046 1571 1046 1440 1044 1397 1044 1394 1044 1391 1044 1198 1066 1053 1044 1050 1044 799 1075 734 1044 731 1044 600 1044 597 1044 594 1044 592 1044 546 1078 506 1078 256 1041 256 1138"/></Shape>
	    <String CONTENT="la main. le jeune homme baisa innocemment la main"
                    HPOS="253"
                    VPOS="1041"
                    WIDTH="2288"
                    HEIGHT="148"></String>
          </TextLine>

          
          
          <TextLine ID="eSc_line_978f6298"
                    TAGREFS="LT1391"
                    BASELINE="210 1285 2541 1311" 
                    HPOS="210"
                    VPOS="1192"
                    WIDTH="2331"
                    HEIGHT="142">
            <Shape><Polygon POINTS="210 1271 210 1285 210 1311 352 1300 446 1314 472 1317 475 1317 529 1314 725 1303 777 1317 791 1320 794 1320 797 1320 845 1317 942 1308 1101 1317 1187 1322 1189 1322 1192 1322 1201 1320 1221 1308 1625 1322 2023 1334 2026 1334 2539 1325 2541 1311 2541 1237 2462 1214 2459 1214 2351 1214 2348 1214 2345 1214 2342 1214 2317 1234 2305 1234 2203 1217 2200 1217 2089 1229 2021 1209 2018 1209 1884 1209 1881 1209 1878 1209 1833 1229 1830 1229 1827 1229 1742 1206 1739 1206 1736 1206 1645 1226 1642 1226 1636 1226 1468 1209 1465 1209 1463 1209 1434 1223 1431 1223 1269 1209 1266 1209 1187 1220 1087 1200 1084 1200 1081 1200 1033 1217 973 1200 970 1200 967 1200 822 1217 814 1217 808 1217 728 1194 725 1194 723 1194 720 1194 651 1214 509 1197 506 1197 333 1211 324 1211 293 1192 290 1192 287 1192 284 1192 281 1192 213 1209 210 1271"/></Shape>
	    <String CONTENT="de la jeune demoiselle, avec une vivacité, une sensibilité,"
                    HPOS="210"
                    VPOS="1192"
                    WIDTH="2331"
                    HEIGHT="142"></String>
          </TextLine>

          
          
          <TextLine ID="eSc_line_7c1e8f5e"
                    TAGREFS="LT1391"
                    BASELINE="261 1433 2559 1465" 
                    HPOS="261"
                    VPOS="1339"
                    WIDTH="2298"
                    HEIGHT="143">
            <Shape><Polygon POINTS="261 1433 261 1448 426 1448 432 1448 466 1465 469 1465 472 1465 640 1450 671 1450 697 1453 814 1468 816 1468 930 1456 939 1456 942 1456 959 1470 962 1470 964 1470 967 1470 1229 1462 1300 1459 1346 1462 1514 1479 1517 1482 2556 1482 2559 1465 2556 1379 2391 1396 2362 1376 2348 1365 2345 1365 2342 1365 2339 1365 2337 1365 2334 1365 2317 1376 2282 1396 2149 1396 2115 1376 2089 1359 2086 1359 2083 1359 1918 1357 1915 1357 1912 1357 1858 1374 1821 1385 1807 1374 1784 1357 1781 1357 1779 1357 1776 1357 1668 1374 1616 1379 1594 1371 1539 1354 1537 1354 1534 1354 1531 1354 1528 1354 1500 1371 1480 1385 1400 1385 1383 1371 1357 1351 1354 1351 1352 1351 1241 1348 1238 1348 1235 1348 1232 1348 1204 1371 1195 1376 1184 1371 1144 1348 1141 1348 1138 1348 1135 1348 1132 1348 1104 1368 1101 1371 1095 1368 1053 1354 1050 1354 1047 1354 973 1368 930 1376 919 1368 888 1342 885 1342 882 1342 879 1342 876 1342 811 1368 808 1368 771 1342 768 1342 765 1342 762 1342 760 1342 723 1362 686 1339 683 1339 680 1339 677 1339 560 1365 535 1371 526 1365 509 1354 506 1354 503 1354 500 1354 498 1354 458 1365 444 1368 261 1365 261 1433"/></Shape>
	    <String CONTENT="une grace toute particulière, leurs bouches se rencontrèrent,"
                    HPOS="261"
                    VPOS="1339"
                    WIDTH="2298"
                    HEIGHT="143"></String>
          </TextLine>

          
          
          <TextLine ID="eSc_line_cb3b2f7c"
                    TAGREFS="LT1391"
                    BASELINE="261 1593 2467 1598" 
                    HPOS="259"
                    VPOS="1499"
                    WIDTH="2208"
                    HEIGHT="122">
            <Shape><Polygon POINTS="261 1593 259 1601 435 1618 438 1618 1263 1607 1417 1621 1420 1621 1491 1607 1528 1621 1531 1621 1534 1621 1898 1607 2049 1607 2075 1621 2077 1621 2080 1621 2083 1621 2317 1607 2393 1621 2396 1621 2465 1604 2467 1598 2467 1530 2388 1507 2385 1507 2382 1507 2379 1507 2337 1527 2328 1530 2319 1527 2248 1502 2245 1502 2097 1502 2095 1502 2092 1502 2089 1502 2052 1524 2040 1530 2026 1524 1969 1502 1966 1502 1964 1502 1821 1522 1756 1530 1690 1519 1628 1510 1625 1510 1562 1519 1500 1527 1483 1519 1460 1502 1457 1502 1454 1502 1451 1502 1448 1502 1411 1516 1389 1527 1372 1516 1346 1499 1343 1499 1340 1499 1337 1499 1335 1499 1275 1516 1226 1530 1064 1530 1027 1513 1021 1510 1019 1510 1016 1510 987 1513 848 1524 802 1510 771 1499 768 1499 765 1499 762 1499 760 1499 748 1510 720 1530 481 1530 392 1524 367 1505 361 1499 358 1499 355 1499 352 1499 261 1502 261 1593"/></Shape>
	    <String CONTENT="leurs yeux s&#39;enflammèrent, leurs genoux tremblèrent,"
                    HPOS="259"
                    VPOS="1499"
                    WIDTH="2208"
                    HEIGHT="122"></String>
          </TextLine>

          
          
          <TextLine ID="eSc_line_6aa5b797"
                    TAGREFS="LT1391"
                    BASELINE="259 1738 953 1746 2433 1726" 
                    HPOS="259"
                    VPOS="1633"
                    WIDTH="2174"
                    HEIGHT="125">
            <Shape><Polygon POINTS="259 1758 2430 1741 2433 1726 2428 1670 2325 1670 2322 1667 2277 1633 2274 1633 2271 1633 2268 1633 2265 1633 2160 1667 2143 1670 2129 1667 2029 1635 2026 1635 1870 1635 1867 1635 1793 1638 1790 1638 1744 1661 1722 1675 1539 1675 1505 1661 1494 1655 1491 1655 1488 1655 1485 1655 1474 1658 1431 1678 1320 1678 1286 1658 1266 1644 1263 1644 1261 1644 1258 1644 1255 1644 1218 1658 1161 1678 1130 1664 1127 1664 1124 1664 999 1678 939 1655 910 1644 908 1644 905 1644 848 1647 845 1647 842 1647 834 1652 794 1681 686 1652 663 1647 660 1647 657 1647 654 1647 651 1647 646 1652 626 1670 509 1684 384 1650 381 1650 259 1650 259 1738 259 1758"/></Shape>
	    <String CONTENT="leurs mains s&#39;égarèrent. Monsieur le baron de"
                    HPOS="259"
                    VPOS="1633"
                    WIDTH="2174"
                    HEIGHT="125"></String>
          </TextLine>

          
          
          <TextLine ID="eSc_line_a28e90df"
                    TAGREFS="LT1391"
                    BASELINE="247 1886 1292 1897 2459 1883" 
                    HPOS="244"
                    VPOS="1780"
                    WIDTH="2215"
                    HEIGHT="157">
            <Shape><Polygon POINTS="244 1869 247 1886 247 1897 401 1911 404 1911 575 1897 603 1897 609 1897 631 1914 634 1914 637 1914 640 1914 777 1900 916 1906 962 1934 964 1934 967 1934 970 1937 1303 1937 1303 1934 1306 1934 1380 1903 1588 1914 1591 1914 1682 1900 1733 1931 1736 1931 1739 1931 1742 1934 1855 1934 1855 1931 1858 1931 1944 1900 1978 1917 1981 1917 1984 1917 1986 1917 2029 1897 2035 1894 2245 1894 2254 1897 2280 1920 2282 1920 2285 1920 2288 1920 2291 1920 2294 1920 2325 1897 2331 1897 2453 1897 2459 1883 2450 1792 2351 1809 2322 1792 2314 1789 2311 1789 2174 1789 2171 1789 2169 1789 2146 1795 2069 1817 1941 1798 1927 1798 1924 1798 1912 1798 1833 1817 1784 1800 1727 1780 1725 1780 1722 1780 1631 1786 1628 1786 1625 1786 1605 1803 1579 1823 1411 1823 1380 1806 1326 1783 1323 1783 1320 1783 1317 1783 1315 1783 1280 1809 1261 1823 1167 1823 1147 1809 1115 1792 1113 1792 1110 1792 1107 1792 1021 1812 984 1820 930 1815 851 1803 848 1803 768 1815 737 1820 725 1817 688 1800 686 1800 683 1800 589 1817 577 1820 575 1817 526 1783 523 1783 520 1783 301 1783 298 1783 296 1783 293 1783 256 1809 244 1869"/></Shape>
	    <String CONTENT="Thunder ten tronckh passa auprès du paravent, et"
                    HPOS="244"
                    VPOS="1780"
                    WIDTH="2215"
                    HEIGHT="157"></String>
          </TextLine>

          
          
          <TextLine ID="eSc_line_2e63f239"
                    TAGREFS="LT1391"
                    BASELINE="253 2034 2527 2034" 
                    HPOS="253"
                    VPOS="1931"
                    WIDTH="2274"
                    HEIGHT="145">
            <Shape><Polygon POINTS="253 2034 253 2045 452 2045 463 2045 532 2062 535 2062 538 2062 575 2045 580 2045 594 2045 680 2059 683 2059 893 2051 1033 2074 1036 2074 1138 2059 1161 2074 1164 2074 1167 2074 1169 2076 1374 2076 1374 2074 1377 2074 1428 2045 1508 2045 1520 2045 1636 2074 1639 2074 1799 2048 1915 2074 1918 2074 1921 2074 1989 2045 1995 2045 2524 2045 2527 2034 2527 1974 2226 1971 2174 1931 2171 1931 2169 1931 1958 1931 1955 1931 1952 1931 1858 1971 1793 1971 1744 1931 1742 1931 1739 1931 1736 1931 1491 1971 1423 1937 1420 1937 1417 1937 1414 1937 1346 1968 1295 1934 1292 1934 1289 1934 1286 1934 1283 1934 1226 1963 1187 1931 1184 1931 1181 1931 1113 1931 1110 1931 1107 1931 1021 1968 842 1957 839 1957 836 1957 785 1971 717 1934 714 1934 711 1934 708 1934 629 1965 523 1931 520 1931 518 1931 515 1931 512 1931 478 1957 381 1940 378 1940 375 1940 253 1971 253 2034"/></Shape>
	    <String CONTENT="voïant cette cause et cet éffet Chassa candide du"
                    HPOS="253"
                    VPOS="1931"
                    WIDTH="2274"
                    HEIGHT="145"></String>
          </TextLine>

          
          
          <TextLine ID="eSc_line_c7604296"
                    TAGREFS="LT1391"
                    BASELINE="264 2182 2194 2176" 
                    HPOS="261"
                    VPOS="2074"
                    WIDTH="1933"
                    HEIGHT="156">
            <Shape><Polygon POINTS="264 2182 264 2196 347 2187 389 2196 438 2207 441 2207 444 2207 472 2196 492 2187 500 2196 538 2227 540 2227 543 2227 546 2230 725 2230 725 2227 728 2227 731 2227 731 2224 757 2202 836 2196 922 2187 936 2193 1004 2227 1007 2227 1010 2230 1127 2230 1127 2227 1130 2227 1132 2227 1175 2193 1187 2187 1229 2193 1295 2202 1298 2202 1300 2202 1303 2202 1315 2193 1326 2187 1710 2187 1733 2190 1787 2202 1790 2202 1793 2202 1824 2190 1836 2187 1844 2190 1887 2204 1890 2204 1892 2204 1895 2204 1898 2204 1921 2190 1927 2187 1935 2190 1972 2202 1975 2202 1978 2202 2038 2190 2046 2187 2052 2190 2075 2210 2077 2210 2080 2210 2083 2210 2086 2210 2089 2210 2117 2190 2123 2187 2189 2187 2194 2176 2189 2116 2058 2096 2055 2096 2052 2096 2049 2096 2023 2116 1875 2116 1841 2085 1838 2085 1836 2085 1753 2074 1750 2074 1747 2074 1744 2074 1696 2105 1619 2113 1574 2076 1574 2074 1571 2074 1568 2074 1463 2074 1460 2074 1457 2074 1383 2113 1286 2079 1283 2079 1280 2079 1278 2079 1215 2110 1144 2102 1141 2102 1138 2102 1107 2116 1047 2099 1044 2099 1041 2099 976 2110 933 2076 930 2076 927 2076 779 2076 777 2076 774 2076 683 2116 594 2088 592 2088 589 2088 586 2088 583 2088 560 2108 478 2108 435 2076 432 2076 429 2076 352 2076 350 2076 347 2076 261 2113 264 2182"/></Shape>
	    <String CONTENT="château à grands coups de pied dans le derrière."
                    HPOS="261"
                    VPOS="2074"
                    WIDTH="1933"
                    HEIGHT="156"></String>
          </TextLine>

          
          
          <TextLine ID="eSc_line_d7333646"
                    TAGREFS="LT1391"
                    BASELINE="256 2332 2524 2312" 
                    HPOS="253"
                    VPOS="2221"
                    WIDTH="2271"
                    HEIGHT="160">
            <Shape><Polygon POINTS="256 2332 259 2381 307 2358 432 2378 441 2378 444 2378 446 2378 449 2378 495 2355 549 2367 552 2367 555 2367 557 2367 603 2338 686 2338 814 2338 939 2367 942 2367 945 2367 1013 2335 1201 2358 1204 2358 1206 2358 1209 2358 1249 2332 1298 2335 1332 2361 1343 2369 1346 2369 1349 2369 1352 2372 1491 2372 1491 2369 1494 2369 1531 2355 1588 2335 1639 2355 1673 2367 1676 2367 1679 2367 1682 2367 1685 2367 1702 2352 1733 2330 1827 2330 1864 2349 1895 2364 1898 2364 1901 2367 2015 2367 2015 2364 2018 2364 2060 2347 2092 2332 2157 2344 2163 2344 2166 2344 2169 2344 2171 2344 2228 2330 2257 2341 2268 2347 2271 2347 2274 2347 2524 2335 2524 2312 2516 2239 2425 2250 2393 2239 2345 2221 2342 2221 2243 2221 2240 2221 2237 2221 2194 2241 2169 2256 1969 2256 1952 2244 1938 2239 1935 2239 1932 2239 1929 2239 1912 2247 1898 2253 1884 2247 1841 2227 1838 2227 1713 2227 1710 2227 1707 2227 1673 2247 1642 2227 1639 2227 1636 2227 1545 2227 1542 2227 1409 2253 1391 2256 1386 2253 1349 2230 1346 2230 1343 2230 1340 2230 1337 2230 1335 2230 1303 2256 1298 2258 1272 2256 1169 2241 1167 2241 1164 2241 1161 2241 1138 2258 1130 2261 967 2261 967 2258 947 2244 945 2244 942 2244 939 2244 936 2244 873 2261 859 2264 851 2261 802 2241 799 2241 797 2241 794 2241 791 2241 765 2261 760 2264 742 2264 597 2247 594 2247 592 2247 589 2247 566 2264 566 2267 557 2264 503 2250 500 2250 498 2250 421 2267 418 2267 310 2239 307 2239 304 2239 301 2239 298 2239 253 2261 256 2332"/></Shape>
	    <String CONTENT="Cunégonde s&#39;évanouït ; elle fut souflettée par madame"
                    HPOS="253"
                    VPOS="2221"
                    WIDTH="2271"
                    HEIGHT="160"></String>
          </TextLine>

          
          
          <TextLine ID="eSc_line_d27578ef"
                    TAGREFS="LT1391"
                    BASELINE="244 2495 2126 2506 2467 2483" 
                    HPOS="244"
                    VPOS="2395"
                    WIDTH="2223"
                    HEIGHT="148">
            <Shape><Polygon POINTS="244 2495 247 2523 318 2506 370 2520 372 2520 375 2520 535 2509 555 2523 557 2523 560 2523 563 2523 580 2523 714 2506 762 2520 811 2537 814 2537 956 2540 959 2540 962 2540 1013 2520 1016 2517 1019 2520 1050 2540 1053 2540 1056 2540 1058 2543 1306 2543 1306 2540 1431 2517 1448 2514 1460 2517 1502 2529 1505 2529 1508 2529 1511 2529 1514 2529 1528 2517 1537 2512 1562 2514 1628 2526 1631 2526 1685 2514 1705 2512 1713 2514 1750 2534 1753 2534 1756 2534 1944 2520 2174 2543 2177 2543 2180 2543 2254 2512 2465 2509 2467 2483 2467 2409 2442 2401 2439 2401 2436 2401 2433 2401 2419 2409 2382 2426 2345 2406 2331 2401 2328 2401 2325 2401 2322 2401 2305 2406 2243 2435 2160 2435 2120 2406 2115 2401 2112 2401 2109 2401 2106 2401 2103 2401 2100 2401 2095 2406 2066 2429 2006 2435 1875 2435 1821 2404 1818 2404 1816 2404 1813 2404 1810 2404 1807 2404 1773 2418 1736 2409 1733 2409 1730 2409 1727 2409 1725 2409 1699 2429 1611 2415 1608 2415 1605 2415 1602 2415 1585 2432 1337 2432 1298 2406 1295 2406 1292 2406 1232 2401 1187 2398 1184 2398 1181 2398 1175 2401 1110 2429 993 2412 990 2412 987 2412 939 2429 760 2398 742 2395 740 2395 737 2395 728 2398 634 2429 492 2429 429 2395 426 2395 244 2395 244 2495"/></Shape>
	    <String CONTENT="la baronne dès qu&#39;elle fut revenüe à elle même ; et tout"
                    HPOS="244"
                    VPOS="2395"
                    WIDTH="2223"
                    HEIGHT="148"></String>
          </TextLine>

          
          
          <TextLine ID="eSc_line_e7f81c30"
                    TAGREFS="LT1391"
                    BASELINE="261 2651 2439 2651" 
                    HPOS="261"
                    VPOS="2549"
                    WIDTH="2178"
                    HEIGHT="176">
            <Shape><Polygon POINTS="261 2651 264 2719 321 2694 418 2694 444 2708 446 2708 449 2708 452 2708 668 2702 731 2714 779 2722 782 2722 879 2711 939 2705 1007 2711 1184 2722 1187 2722 1189 2722 1235 2705 1280 2691 1354 2705 1448 2722 1451 2722 1454 2722 1522 2702 1562 2691 1596 2702 1662 2722 1665 2722 1668 2722 1813 2699 1861 2722 1864 2722 1867 2725 2021 2725 2021 2722 2023 2722 2089 2694 2100 2691 2115 2694 2177 2711 2180 2711 2183 2711 2186 2711 2228 2694 2234 2691 2439 2691 2439 2651 2439 2583 2396 2583 2345 2549 2342 2549 2339 2549 2203 2549 2200 2549 2197 2549 2134 2583 1941 2583 1870 2549 1867 2549 1864 2549 1861 2549 1799 2580 1719 2549 1716 2549 1713 2549 1710 2549 1648 2583 1568 2583 1528 2549 1525 2549 1522 2549 1520 2549 1394 2569 1369 2549 1366 2549 1363 2549 1360 2549 1357 2549 1315 2566 1181 2549 1178 2549 1175 2549 1135 2566 1064 2549 1061 2549 1058 2549 1056 2549 1053 2549 1010 2580 905 2580 868 2554 865 2554 862 2554 859 2554 856 2554 853 2554 816 2583 663 2583 631 2560 629 2560 626 2560 623 2560 620 2560 617 2560 592 2583 483 2583 424 2549 421 2549 333 2549 330 2549 327 2549 261 2580 261 2651"/></Shape>
	    <String CONTENT="fut consterné dans le plus beau et le plus agréable des"
                    HPOS="261"
                    VPOS="2549"
                    WIDTH="2178"
                    HEIGHT="176"></String>
          </TextLine>

          
          
          <TextLine ID="eSc_line_f85805bf"
                    TAGREFS="LT1391"
                    BASELINE="259 2816 1067 2830" 
                    HPOS="256"
                    VPOS="2702"
                    WIDTH="811"
                    HEIGHT="185">
            <Shape><Polygon POINTS="256 2876 259 2876 259 2879 261 2879 264 2879 267 2879 270 2879 304 2864 333 2847 409 2847 466 2867 469 2867 472 2867 475 2867 478 2867 481 2867 540 2847 563 2870 580 2884 583 2884 586 2884 589 2887 728 2887 728 2884 731 2884 754 2873 797 2853 851 2876 856 2879 859 2879 862 2879 879 2876 1007 2856 1058 2881 1067 2830 1067 2765 1021 2765 1021 2762 910 2711 908 2711 799 2711 797 2711 794 2711 791 2711 791 2714 751 2753 694 2756 640 2756 631 2753 586 2736 583 2736 580 2736 481 2751 455 2753 446 2751 384 2702 381 2702 378 2702 335 2702 333 2702 330 2702 327 2702 276 2745 270 2751 264 2745 259 2816 256 2876"/></Shape>
	    <String CONTENT="châteaux possibles."
                    HPOS="256"
                    VPOS="2702"
                    WIDTH="811"
                    HEIGHT="185"></String>
          </TextLine>

          
        </TextBlock>
        

        
      </PrintSpace>
    </Page>
  </Layout>
</alto>
