2628 3408
838 170 673 273 Candide

1076 426 142 124 ou

821 533 724 120 L'optismime.

690 749 852 179 Chapitre I.^er

406 1016 1829 168 Comment Candide fut élevé dans un beau

267 1195 1991 125 château, et comment il fut chassé d'icelui.

272 1587 2239 188 Il y avait en Wes<>tphalie, dans le château de Mons̃.

267 1740 2244 179 le Baron de Thunder ten tronckh, un jeune garçon à qui la

264 1877 2264 159 nature avait donné les moeurs les plus douces. sa phisionomie

261 2007 2205 174 annonçait son ame. il avait le jugement assez droit, avec

258 2144 2219 167 l'esprit le plus simple. c'est, je crois, pour cette raison

255 2289 2262 167 qu'on le nommait Candide. Les anciens domestiques de la

252 2425 2290 179 maison soupçonnaient qu'il était fils de la soeur de M̃. le

255 2570 2282 173 baron, et d'un bon et honnête gentil homme du voisinage

250 2715 2278 178 que cette damoiselle ne voulût jamais épouser, parce qu'il

255 2871 2242 145 n'avait pû prouver que Soixante et onze quartiers, et

244 3001 2276 182 que le reste de son arbre généalogique avait été perdu par

2059 25 154 276 3160

2244 116 139 122 .1
