2658 3391
158 118 54 65 2.

387 62 710 158 l'injure du temps.

426 152 2189 167 Monsieur le Baron était un des plus grands Seigneurs de la

378 296 2214 150 Westphalie, car son château avait une porte et des fenêtres.

370 423 2155 133 sa grande salle même, était ornée d'une tapisserie ; tous les

333 553 2197 156 Chiens de ses basses-cours composaient une meute dans le

367 689 2214 181 besoin, ses palfreniers étaient ses piqueurs. le vicaire du

370 847 2217 173 vilage était son grand aumônier. ils l'appellaient tous

356 989 2245 155 Monseigneur, et ils riaient quand il faisait des contes

364 1141 2217 150 Madame la baronne qui pesait environ trois cent

376 1288 2197 133 cinquante livres, s'attirait par là une tres grande

370 1418 2180 153 considération, et faisait les honneurs de la maison avec

384 1551 2163 186 une dignité qui la rendait encor plus respectable. sa

378 1732 2175 150 fille Cunégonde agée de 17 ans était haute, en couleur,

378 1890 2220 155 fraiche, grasse, appétissante. le fils du baron paraissait

378 2020 2197 167 en tout digne de son pére, le prècepteur Pangloss ètait

384 2173 2160 161 l'oracle de la maison, et le pétit Candide ècoutait ses

384 2342 2217 153 leçons avec toute la bonne foi de son age et de son caractère.

489 2486 2095 164 Pangloss enseignait la Mètaphisico-theolo-cosmolo-

333 2611 215 90 matto.

381 2644 2115 136 <>logie. il prouvait admirablement qu'il n'y a

404 2763 2174 175 point d'effet sans cause, et que dans ce meilleur des

390 2882 2169 209 mondes possibles, le Château de Monseig̃. le baron était
