2801 3653
2651 70 116 127 14.

213 70 2396 94 pour faire des livres. son coeur fait pour s'attacher se donnoit sans

140 143 2429 109 reserve ; complaisant pour ses amis jusqu'à la foiblesse, il se laissoit

127 222 2448 115 subjuguer par eux au point de ne pouvoir plus secoüer ce joug im¬

149 322 453 98 ¬punément.

200 347 2384 155 Le second, homme dur farouche et noir, se fait abhorrer de tout

124 450 2402 131 le monde qu'il fuit, et dans son affreuse misantropie ne se plait

121 535 2412 107 qu'à marquer sa haine pour le genre humain. Le premier, seul

115 605 2430 125 sans étude et sans maitre, vainquit toutes les difficultés à force de

106 681 2463 137 zèle, et consacra ses loisirs, non à l'oisiveté, encor moins à des travaux

118 764 2442 134 nuisibles, mais à remplir sa tête d'idées charmantes son coeur de sen¬

112 834 2436 158 ¬timens délicieux, et à former des projets, chimériques peut-être à

106 882 2472 180 force d'être utiles, mais dont l'éxécution, si elle eut été possible, eut

118 983 2463 170 fait le bonheur du genre humain. Les second, tout occupé de ses

112 1056 2454 158 odieuses trames, n'a sur rien donner de son tems ni de son esprit à

112 1126 2421 170 d'agréables occupations, encor moins à des vues utiles ; plongé dans

112 1199 2448 186 les plus brutales débauches, il a passé sa vie dans les tavernes et les

112 1287 2472 195 mauvais lieux, chargé de tous les vices qu'on y porte ou qu'on y contracte ;

103 1369 2478 189 n'ayant nourri que les gouts bas et crapuleux qui en sont inséparables,

112 1455 2448 179 il fait ridiculement contraster ses inclinations rempantes avec les

100 1543 2512 167 altiéres productions qu'il a l'audace de s'attribuer. En vain a-t-il

109 1634 2472 146 paru feuilleter des livres et s'occuper de recherches philosophiques,

100 1719 2475 144 il n'a rien saisi, rien conçu que ses horribles systèmes, et après de

97 1793 2457 161 prétendus essais qui n'avoient pour but que d'en imposer au public,

100 1887 2472 140 il a fini comme il avoit commencé par ne rien savoir que mal faire.

97 1954 2433 146 Enfin, sans vouloir suivre cette opposition dans toutes ses branches,

100 2048 2448 134 et pour m'arrêter à celle qui m'y a conduit, le prémier, d'une timidité

97 2115 2481 152 qui alloit jusqu'à la bétise, osoit à peine montrer à ses amis les amu¬

97 2200 2423 144 ¬semens de ses loisirs ; le second, d'une impudence encor plus bête,

88 2289 2432 143 s'approprioit fiérement et publiquement les vols les plus grossiers

85 2371 2484 152 sur les choses qu'il entendoit le moins : Le prémier aima passionné¬

91 2456 2472 146 =ment la musique, la cultiva dès sa jeunesse, en fit son occupation

85 2535 2505 152 favorite et avec assez de sucçés pour y faire des découvertes, trouver

85 2605 2429 165 les imperfections de l'art, indiquer les corrections. Il passa une

94 2691 2436 155 grande partie de sa vie parmi les Artistes et les amateurs, tantot

88 2785 2451 143 composant de la musique en divers genres selon les occasions,

85 2867 2499 155 tant écrivant sur cet art, proposant de nouvelles vues, donnant

79 2949 2484 153 des leçons de composition, constatant par des epreuves l'avantage

82 3035 2460 124 des méthodes qu'il proposoit, et toujours se montrant instruit

76 3111 2454 140 dans toutes les parties de cette vaste science plus que la plus part de

85 3196 2441 128 ses contemporains, dont plusieurs étoient à la vérité plus versés

88 3272 2378 128 que lui dans quelque partie, mais dont aucun n'en avoit si bien

82 3336 2417 146 saisi l'ensemble et senti la liaison. Le second, inepte au point de

85 3430 2448 189 s'être occupé de musique pendant quarante ans sans pouvoir
