2774 3624
120 90 103 94 15.

281 75 2405 109 l'apprendre, s'en réduit à l'occupation d'en copier faute d'en savoir

287 151 2393 111 faire ; encore lui-même ne se trouve-t-il pas assez savant pour le

299 220 2375 124 métier qu'il a choisi ; ce qui ne l'empêche pas de pousser <> l'im¬

290 295 2354 118 ¬pudence et la stupidité jusqu'à se donner pour l'auteur de choses

299 377 2375 115 qu'il ne peut executer lui-même. Vous m'avouerez que voila des

293 446 1810 97 contradictions difficiles à <> expliquer.

232 534 2433 121 Le Fr./ Moins que vous ne croyez, et si vos autres enigmes ne m'étoient

308 619 2375 126 pas plus obscures que celle-là, vous me tiendriez moins en haleine.

172 700 2481 136 R./ Vous m'éclaircirez donc celle-ci quand il vous plaira ; car

284 791 1791 118 pour moi, je déclare que je n'y comprends rien.

181 872 2466 127 Le Fr./ De tout mon coeur, et très simplement, je vous assure : Mais

305 972 2127 103 commencez vous-même par m'eclaircir votre question.

196 1020 2487 148 R./ Il n'y a plus de question sur le fait que vous venez d'exposer : à

293 1108 2402 133 cet egard nous sommes parfaitement d'accord, et j'adopte pleinement

305 1177 2299 130 votre consequence ; mais je la porte plus loin. Vous dites qu'un

290 1232 2411 169 homme qui ne sait faire ni musique ni vers n'a pas fait le Devin

284 1313 2405 166 du village, et cela est incontestable : moi j'ajoûte que celui qui se

281 1398 2347 148 donne faussement pour l'Auteur de cet opera n'est pas même

278 1470 2423 154 l'auteur des autres écrits qui portent son nom, et cela n'est guéres

293 1558 2393 133 moins évident ; Car s'il n'a pas fait les paroles du Devin parce

281 1627 2414 136 qu'il ne sait pas faire des vers, il n'a pas fait non plus l'allée de

293 1709 2384 151 sylvie qui difficilement en effet peut être l'ouvrage d'un scelerat,

284 1787 2402 145 et s'il n'en a pas fait la musique parce qu'il ne sait pas la

284 1869 2387 139 musique, il n'a pas fait non plus la lettre sur la musique

278 1953 2411 124 françoise, encor moins le Dictionnaire de musique, qui ne peut

271 2029 2415 145 être que l'ouvrage d'un homme versé dans cet art et sachant

281 2126 652 114 la composition.

132 2201 2557 181 Le Fr./ Je ne suis pas là-dessus de votre sentiment, et j'ai pour moi

265 2292 2412 187 celui d'un grand musicien étranger établi depuis peu dans ce

265 2379 242 100 pays.

223 2485 2372 148 R./ Et, je vous prie, le connoissez-vous bien ce grand musicien

262 2579 2412 132 étranger ? Savez-vous par qui et pourquoi il a été appellé en

265 2660 2418 139 France, quels motifs l'ont porté tout d'un coup à ne faire que

262 2757 2128 115 de la musique françoise, et à venir s'établir à Paris.

154 2835 2538 124 Le Fr/ Je puis soupçonner quelque chose de tout cela : mais il n'en est

274 2923 2439 112 pas moins vrai que J. J. étant plus que personne son admirateur

278 2995 1649 115 donne lui-même du poids à son suffrage.

190 3044 2511 166 R./ Admirateur de son talent, d'accord ; je le suis aussi. Mais quant

259 3137 2436 142 à son suffrage, il faudroit prémiérement être au fait de bien des

268 3228 2176 121 choses avant de savoir quelle autorité l'on doit lui donner.

169 3300 2547 136 Le Fr./ Je veux bien, s'il vous est suspect, ne m'en pas étayer ici, ni

284 3373 2378 139 même de celui d'aucun autre musicien ; mais je n'en dirai pas

284 3445 2414 175 moins de moi-même que pour composer de la Musique, il faut
