2774 3624
2562 60 124 87 16.

108 69 2360 100 la savoir sans doute, mais qu'on peut bavarder tant qu'on

507 132 562 61 sans y rien entendre

54 126 2417 127 veut sur la musique ‸ et que tel qui se mêle d'écrire fou docte¬

54 205 2396 124 ¬ment sur cet art seroit fort embarrassé de faire une bonne

81 280 1756 127 basse sous un menuet, et même de le noter.

63 356 2466 127 R./ Je me doute bien aussi de cela : mais votre intention est-elle

60 437 2161 136 d'appliquer cette idée au Dictionnaire et à son auteur ?

54 522 1293 145 Le Fr./ Je conviens que j'y pensois.

60 607 2417 157 R./ Vous y pensiez ? Cela étant permettez-moi encore une ques¬

54 715 1148 115 ¬tion. Avez-vous lu ce livre ?

54 785 2423 130 Le Fr/ Je serois bien fâché d'en avoir lu jamais une seule ligne,

60 881 2330 103 non plus que d'aucun des livres qui portent cet odieux nom.

60 960 2429 106 R./ En ce cas je suis moins surpris que nous pensions, vous et

63 1038 2432 118 moi, si differemment sur les points qui s'y rapportent. Ici, par

60 1117 2375 118 exemple, vous ne confondriez pas ce livre avec ceux dont vous

60 1192 2435 127 parlez, et qui, ne roulant que sur des principes généraux, ne

63 1277 2429 106 contiennent que des idées vagues ou des notions élementaires tirées

66 1352 2396 109 peut être d'autres écrits, et qu'ont tous ceux qui savent un peu de

69 1425 2399 109 musique. Au lieu que le Dictionnaire entre dans le détail des régles

66 1506 2405 103 pour en montrer la raison l'application l'exception et tout ce

60 1573 2451 115 qui doit guider le compositeur dans leur emploi. L'auteur s'attache

54 1651 2445 118 même à éclaircir de certaines parties qui jusqu'alors étoient restées

66 1730 2429 118 confuses dans la tête des musiciens, et presque inintelligibles

54 1805 2484 124 dans leurs écrits. L'article En harmonique par exemple, explique

54 1887 2481 118 ce genre avec une si grande clarté qu'on est étonné de l'obscurité

60 1969 2435 123 avec laquelle en avoient parlé tous ceux qui jusqu'alors avoient

66 2050 2484 112 écrit sur cette matiére. On ne me persuadera pas que cet article,

69 2138 2357 114 ceux d'Expression, Fugue, Harmonie, Licence, Mode,

78 2225 2436 118 Modulation, Préparation, Récitatif, Trio, et grand nombre

69 2301 2378 96 d'autres, répandus dans le Dictionnaire et qui surement ne

1254 2373 438 61 des productions

96 2382 2375 109 sont pillés de personne, soient <> d'un ignorant en

120 2458 2351 105 Musique, qui parle de ce qu'il n'entend point, ni qu'un livre

63 2530 2457 115 dans lequel on peut apprendre la composition soit l'ouvrage de

66 2618 1245 106 quelqu'un qui ne la savoit pas.

142 2687 2341 127 Il est vrai que plusieurs autres articles également importans

57 2781 2435 121 qu'il n'a pas eu le tems de faire sont restés seulement indiqués,

57 2859 2478 106 pour ne pas laisser le vocabulaire imparfait, comme il en avertit

51 2941 2426 127 dans sa préface. Mais seroit-il raisonnable de le juger sur les

45 3026 2478 114 articles qu'il n'a pas faits plustot que sur ceux où il a mis la

48 3104 2451 109 dernière main, et qui demandent assurément autant de savoir

54 3186 2402 102 que les autres. L'Auteur convient, il avertit même de ce qui

51 3261 2423 112 manque à son livre ; mais tel qu'il est, il seroit cent fois plus

54 3337 2511 99 croyable encore qu'un homme qui ne sait pas la musique eut fait

63 3415 2405 169 le Devin que le Dictionnaire : Car combien ne voit-on pas, surtout
