2796 3589
107 74 51 120 17.

329 50 2374 111 en Suisse et en Allemagne de gens qui, ne sachant pas une note de

320 128 2386 96 Musique et guidés uniquement par leur oreille et < par > leur gout, ne laissent

314 188 2386 129 pas de composer des choses très agreables et même très réguliéres, quoiqu'ils

314 251 2371 131 n'aient nulle connoissance des régles et qu'ils ne puissent déposer leurs

317 323 2347 143 compositions que dans leur mémoire. Mais il est absurde de penser

320 397 2344 138 qu'un homme puisse enseigner et même éclaircir une science qu'il

317 469 2359 141 n'entend point, et cela bien plus encore dans un Art dont la seule

311 538 2377 140 langue éxige une étude de plusieurs années avant qu'on puisse la lire

323 610 2338 143 et la parler. Je concluds donc que si nôtre homme n'a pu faire le

302 696 2386 135 Devin du Village parce qu'il ne savoit pas la musique, il n'a pu faire

302 771 2377 156 à plus forte raison le Dictionnaire, qui demandoit beaucoup plus de

299 867 314 96 savoir.

227 930 2461 149 Le Fr./ Ne connoissant ni l'un ni l'autre ouvrage, je ne puis par moi même

323 1031 2383 126 juger de votre raisonnement. Je sais seulement qu'il y a une différence

311 1103 2395 135 extrème à cet egard dans l'estimation du public, qu'en France au moins

302 1175 2398 129 le Dictionnaire passe pour un ramassis de phrases sonores et inintel¬

254 1250 2446 116 ¬ligibles, qu'on en cite un article Génie que tout le monde prône, et qui

302 1327 2371 111 ne dit rien sur la musique. Quant à votre article En harmonique

293 1402 2416 111 et aux autres qui, selon vous, traitent pertinemment de l'art, je n'en ai

281 1489 2431 96 jamais ouï parler à personne, si ce n'est à des amateurs et musiciens

287 1561 2383 83 étrangers, qui paroissent en faire cas ; mais les nôtres d'un commun

293 1627 2044 116 accord disent tous ne rien entendre au jargon de ce livre.

341 1704 2347 129 Pour le Devin, vous avez vû les transports d'admiration excités par

302 1779 2344 126 la derniére reprise. L'enthousiasme du public poussé jusqu'au

299 1860 2389 134 délire fait foi de la sublimité de cet ouvrage : C'étoit le Divin J. J.

293 1932 2410 143 c'etoit le moderne Orphée : Cet opera étoit le chef d'oeuvre de l'esprit

302 2006 2383 153 humain, et jamais cet enthousiasme ne fut si vif que quand on

293 2099 2416 150 sut que le divin Jean Jaques ne savoit pas la musique. Or, quoique

299 2180 2404 167 vous en puissiez dire, de ce qu'un homme qui ne sait pas la musique

296 2261 2401 167 n'a pu faire un prodige de l'art universellement admiré, il ne

284 2341 2365 168 s'ensuit pas, selon moi, qu'il n'a pu faire un livre peu lu peu

293 2428 1281 129 entendu, et encore moins estimé.

221 2524 2428 110 R./ Dans les choses dont je peux juger par moi-même, je ne prendrai

299 2596 2356 122 jamais pour régle de mes jugemens ceux du public, et surtout quãd

287 2673 2419 135 il s'engoüe, comme il a fait tout d'un coup pour le Devin du Village,

284 2745 2434 141 après l'avoir entendu pendant vingt ans avec un plaisir plus modéré.

266 2823 2431 137 Cet engoüement subit, quelle qu'en ait été la cause, n'a rien eu d'assez

278 2910 2440 125 naturel pour faire autorité chez les gens sensés. Je vous ai dit ce que

290 2993 2419 126 je pensois du Dictionnaire, et cela, non pas sur l'opinion publique,

287 3074 2440 126 ni sur ce célébre article Génie qui, n'ayant nulle application particuliére

278 3158 2440 122 à l'art, n'est là que pour la plaisanterie ; mais après avoir lu attentive¬

278 3236 2434 113 ¬ment l'ouvrage entier, dont la pluspart des articles, vraiment

290 3307 2419 180 techniques, feront faire de meilleure musique quand les artistes en

272 3391 644 105 sauront profitter.
