2802 3621
72 54 2343 127 Quant au Devin, quoique je sois bien sûr que personne ne sent et ne

60 117 2340 142 connoit mieux que moi les véritables beautés de cet ouvrage, je suis

54 193 2361 138 fort éloigné de voir ces beautés où le public engoüé les place. Ce ne

45 265 2382 142 sont point de ces beautés que l'étude et le savoir produisent, mais de

42 353 2343 123 celles qu'inspirent le goût et la sensibilité, et l'on prouveroit beaucoup

42 425 2376 124 mieux qu'un savant compositeur n'a point fait cette piéce si la partie

45 506 2343 115 du beau chant et de l'invention lui manque, qu'on ne prouveroit

42 588 2334 99 qu'un ignorant ne l'a pu faire parce qu'il n'a pas cet acquis qui

36 648 2418 112 supplée au genie et ne fait rien qu'à force de travail. Il n'y a rien dans

39 727 2394 114 le Devin du Village qui passe, quant à la partie scientifique, les

42 802 2445 112 principes élementaires de la composition, et non seulement il n'y a point

42 878 2412 87 d'écolier de trois mois qui ne fut en état d'en faire autant, mais on

42 953 2382 100 peut bien douter qu'un savant compositeur put se résoudre à être

48 1022 2385 115 aussi simple. Il est vrai que l'Auteur de cet ouvrage y a suivi un

48 1092 2403 124 principe caché qui se fait sentir sans qu'on le remarque, et qui

60 1179 2379 112 donne à ses chants un effet qu'on ne sent dans aucune autre

72 1258 2419 127 musique françoise ; mais ce principe, ignoré de tous nos compositeurs,

63 1339 2428 112 mal conçu de ceux qui en ont entendu parler, posé seulement par

60 1421 2340 117 l'Auteur de la lettre sur la musique françoise, qui en a fait

63 1505 2364 100 ensuite un article du Dictionnaire, et suivi seulement par

63 1584 2424 99 l'Auteur du Devin est une grande preuve de plus que ces deux

1778 1668 323 64 l'invention

66 1671 2428 106 auteurs sont le même : mais tout cela montre ‸ d'un amateur qui

54 1741 2443 111 a reflechi sur l'art, plustot que la routine d'un professeur qui

54 1804 2452 133 le possede supérieurement. Ce qui peut faire honneur au

66 1885 2434 121 musicien dans cette piéce est le récitatif : Il est bien modulé, bien

75 1961 2449 130 ponctué, bien accentué, autant que du récitatif françois peut l'être.

69 2030 2428 115 Le tout en est neuf, du moins il l'étoit alors, à tel point qu'on ne

69 2112 2422 117 voulut point hazarder ce récitatif à la cour, quoiqu'adapté à la

69 2184 2428 124 langue plus qu'aucun autre. J'ai peine à concevoir comment

78 2263 2419 126 un récitatif peut être pillé, à moins qu'on ne pille aussi les

66 2338 2412 127 paroles, et quand il n'y auroit que cela de la main de l'Auteur,

69 2423 2431 132 j'aimerois mieux, quant à moi, avoir fait le recitatif sans les

54 2507 2485 133 airs que les airs sans le récitatif ; mais je sens trop bien la même

63 2585 2476 133 main dans le tout pour pouvoir le partager à differens auteurs.

63 2679 2409 124 Ce qui rend même cet opera vraiment prisable pour les gens

63 2754 2431 121 de gout, c'est l'accord parfait des paroles et de la musique, c'est

60 2833 2503 130 l'étroite liaison des parties qui le composent, c'est l'ensemle exact

63 2914 2424 136 du tout, qui en fait l'ouvrage le plus un que je connoisse en

75 2996 2455 118 ce genre. Le musicien a partout pensé senti parlé comme le

84 3074 2431 121 poëte ; l'expression de l'un répond si fidellement à celle de

78 3153 2431 120 l'autre qu'on voit qu'ils sont toujours animés du même esprit.

75 3231 2443 121 Et l'on me dit que cet accord si juste et si rare resulte d'un tas de

75 3304 2397 126 pillages fortuitement rassemblés ? Monsieur, il y auroit cent

75 3382 2476 124 fois plus d'art à composer un pareil tout de morceaux épars et décousus,

93 3452 1543 156 qu'à le créer soi-même d'un bout à l'autre.

2560 39 100 93 18.
