<?xml version="1.0" encoding="UTF-8"?>
<alto xmlns:xsi="http://www.w3.org/2001/XMLSchema-instance"
      xmlns="http://www.loc.gov/standards/alto/ns-v4#"
      xsi:schemaLocation="http://www.loc.gov/standards/alto/ns-v4# http://www.loc.gov/standards/alto/v4/alto-4-2.xsd">
  <Description>
    <MeasurementUnit>pixel</MeasurementUnit>
    <sourceImageInformation>
      <fileName>btv1b10028242b_f174.pdf_page_1.png</fileName>
      
    </sourceImageInformation>
  </Description>
  
  <Tags>
    <OtherTag ID="BT4263" LABEL="NumberingZone" DESCRIPTION="block type NumberingZone"/><OtherTag ID="BT4262" LABEL="MarginTextZone" DESCRIPTION="block type MarginTextZone"/><OtherTag ID="BT4261" LABEL="MainZone" DESCRIPTION="block type MainZone"/><OtherTag ID="BT4264" LABEL="StampZone" DESCRIPTION="block type StampZone"/>
    <OtherTag ID="LT1407" LABEL="HeadingLine" DESCRIPTION="line type HeadingLine"/><OtherTag ID="LT1406" LABEL="DefaultLine" DESCRIPTION="line type DefaultLine"/>
  </Tags>
  
  <Layout>
    <Page WIDTH="2480"
          HEIGHT="3508"
          PHYSICAL_IMG_NR="13"
          ID="eSc_dummypage_">
      <PrintSpace HPOS="0"
                  VPOS="0"
                  WIDTH="2480"
                  HEIGHT="3508">
        
        <TextBlock HPOS="620"
                   VPOS="608"
                   WIDTH="1318"
                   HEIGHT="1856"
                   ID="eSc_textblock_5e30e35a"
                   TAGREFS="BT4261">
          <Shape><Polygon POINTS="1868 608 1892 1014 1821 1131 1857 1236 1938 1286 1938 1435 1857 1520 1868 1762 1810 1906 1810 2055 1880 2069 1903 2125 1705 2291 1669 2452 1333 2464 1248 2394 678 2382 620 1096 620 631 666 608"/></Shape>
          
          
          <TextLine ID="eSc_line_130810bc"
                    TAGREFS="LT1406"
                    BASELINE="620 678 1860 651" 
                    HPOS="617"
                    VPOS="608"
                    WIDTH="1243"
                    HEIGHT="81">
            <Shape><Polygon POINTS="1816 608 1786 608 1757 608 1728 608 1699 608 1669 608 1643 608 625 619 617 625 620 678 620 689 1860 666 1860 651 1851 608 1845 608"/></Shape>
	    <String CONTENT="deuxième volume des écrits en prose"
                    HPOS="617"
                    VPOS="608"
                    WIDTH="1243"
                    HEIGHT="81"></String>
          </TextLine>

          
          
          <TextLine ID="eSc_line_0ec39900"
                    TAGREFS="LT1406"
                    BASELINE="620 751 1865 722" 
                    HPOS="617"
                    VPOS="666"
                    WIDTH="1248"
                    HEIGHT="105">
            <Shape><Polygon POINTS="620 751 620 757 853 771 856 771 859 771 862 771 862 768 865 768 874 757 988 768 991 768 1090 754 1125 748 1155 751 1228 762 1231 762 1234 762 1237 762 1237 760 1240 760 1245 751 1251 745 1865 745 1865 722 1860 678 1509 669 1506 669 1503 669 1456 684 1365 666 1362 666 1359 666 1286 686 1196 672 1193 672 1190 672 1187 672 1166 689 1120 672 1117 672 1114 672 1111 672 1108 672 1087 686 991 675 988 675 985 675 944 695 871 678 868 678 865 678 862 678 859 678 830 698 646 686 643 686 640 686 637 686 617 698 620 751"/></Shape>
	    <String CONTENT="reçoit Goepferdt aujourd&#39;hui aussi parce que"
                    HPOS="617"
                    VPOS="666"
                    WIDTH="1248"
                    HEIGHT="105"></String>
          </TextLine>

          
          
          <TextLine ID="eSc_line_2a058ee6"
                    TAGREFS="LT1406"
                    BASELINE="620 824 1874 789" 
                    HPOS="617"
                    VPOS="736"
                    WIDTH="1257"
                    HEIGHT="105">
            <Shape><Polygon POINTS="620 824 620 830 801 841 804 841 1014 824 1046 821 1061 821 1137 833 1140 833 1228 818 1254 815 1278 818 1348 827 1351 827 1430 815 1465 809 1488 812 1529 821 1532 821 1535 821 1538 821 1552 812 1564 806 1874 806 1874 789 1865 736 617 771 620 824"/></Shape>
	    <String CONTENT="de cela immédiatement en finir il veut. Des"
                    HPOS="617"
                    VPOS="736"
                    WIDTH="1257"
                    HEIGHT="105"></String>
          </TextLine>

          
          
          <TextLine ID="eSc_line_1a638015"
                    TAGREFS="LT1406"
                    BASELINE="620 891 1705 859" 
                    HPOS="617"
                    VPOS="795"
                    WIDTH="1088"
                    HEIGHT="117">
            <Shape><Polygon POINTS="1318 806 1313 806 1310 806 1289 824 1225 809 1201 809 1178 809 1149 812 909 836 851 821 842 818 821 821 810 821 728 838 617 830 620 891 620 900 807 912 810 912 813 912 853 897 856 897 859 897 912 909 915 909 1061 894 1111 888 1143 891 1207 900 1210 900 1213 900 1216 900 1228 891 1234 885 1257 888 1304 897 1307 897 1705 879 1705 859 1696 795 1596 818 1359 821 1330 806 1318 806"/></Shape>
	    <String CONTENT="deux je me fais les épreuves à"
                    HPOS="617"
                    VPOS="795"
                    WIDTH="1088"
                    HEIGHT="117"></String>
          </TextLine>

          
          
          <TextLine ID="eSc_line_62f11f74"
                    TAGREFS="LT1406"
                    BASELINE="622 961 1824 920" 
                    HPOS="622"
                    VPOS="868"
                    WIDTH="1202"
                    HEIGHT="102">
            <Shape><Polygon POINTS="622 961 622 970 1824 935 1824 920 1819 882 1684 882 1655 868 1652 868 1649 868 1433 891 1397 877 1395 877 1392 877 1389 877 1307 897 1272 885 1269 885 1266 885 1093 903 1073 888 1070 888 1067 888 1064 888 1061 888 1058 888 1058 891 1055 891 1044 906 707 900 704 900 701 900 637 915 622 961"/></Shape>
	    <String CONTENT="Weimar envoyer où l&#39;hiver"
                    HPOS="622"
                    VPOS="868"
                    WIDTH="1202"
                    HEIGHT="102"></String>
          </TextLine>

          
          
          <TextLine ID="eSc_line_dc671a20"
                    TAGREFS="LT1406"
                    BASELINE="634 1031 1880 991" 
                    HPOS="631"
                    VPOS="932"
                    WIDTH="1249"
                    HEIGHT="120">
            <Shape><Polygon POINTS="634 1031 634 1052 763 1031 1880 1002 1880 991 1874 947 1705 932 1702 932 1614 953 1608 953 1599 953 1471 941 1468 941 1351 961 1333 964 1114 967 1111 967 1082 953 1079 953 1076 953 982 970 962 976 631 979 634 1031"/></Shape>
	    <String CONTENT="je passe et où vous aussi à l&#39;avenir"
                    HPOS="631"
                    VPOS="932"
                    WIDTH="1249"
                    HEIGHT="120"></String>
          </TextLine>

          
          
          <TextLine ID="eSc_line_ac2516a8"
                    TAGREFS="LT1406"
                    BASELINE="631 1096 1792 1052" 
                    HPOS="628"
                    VPOS="996"
                    WIDTH="1164"
                    HEIGHT="123">
            <Shape><Polygon POINTS="1652 999 1623 999 1593 1002 1585 1005 1550 1014 1444 1011 1380 1008 1377 1008 1339 1014 1295 1023 1280 1017 1266 1011 1242 1014 1213 1014 1184 1014 1155 1017 1125 1017 1096 1017 1073 1017 1064 1026 1061 1031 1052 1029 1029 1020 1008 1020 979 1023 950 1031 930 1040 763 1043 739 1040 672 1031 658 1031 655 1029 652 1029 649 1029 646 1029 643 1029 628 1037 631 1096 631 1119 865 1099 1234 1099 1237 1099 1240 1099 1242 1099 1242 1096 1245 1096 1251 1087 1266 1099 1269 1099 1272 1099 1275 1099 1283 1099 1397 1096 1400 1096 1403 1096 1403 1093 1406 1093 1418 1078 1538 1090 1544 1090 1547 1090 1550 1090 1552 1090 1579 1072 1628 1087 1631 1087 1634 1087 1640 1087 1745 1067 1786 1081 1792 1052 1783 996 1678 1008 1661 999 1652 999"/></Shape>
	    <String CONTENT="lettres et paquets pour moi"
                    HPOS="628"
                    VPOS="996"
                    WIDTH="1164"
                    HEIGHT="123"></String>
          </TextLine>

          
          
          <TextLine ID="eSc_line_f7fcab57"
                    TAGREFS="LT1406"
                    BASELINE="643 1163 1602 1128" 
                    HPOS="640"
                    VPOS="1075"
                    WIDTH="962"
                    HEIGHT="114">
            <Shape><Polygon POINTS="1163 1078 1161 1078 1158 1078 1102 1102 1044 1081 1041 1081 1038 1081 1035 1081 1032 1081 1032 1084 1008 1105 965 1084 962 1084 953 1084 874 1110 722 1093 710 1093 640 1119 643 1163 643 1172 693 1189 696 1189 698 1189 701 1189 704 1189 728 1172 959 1181 962 1181 1035 1163 1049 1160 1058 1163 1093 1175 1096 1175 1099 1175 1172 1160 1204 1154 1257 1157 1356 1166 1359 1166 1602 1148 1602 1128 1593 1087 1359 1093 1339 1075 1336 1075 1333 1075 1330 1075 1199 1099 1169 1078 1166 1078 1163 1078"/></Shape>
	    <String CONTENT="voudrez bien adresser."
                    HPOS="640"
                    VPOS="1075"
                    WIDTH="962"
                    HEIGHT="114"></String>
          </TextLine>

          
          
          <TextLine ID="eSc_line_b8a55d2f"
                    TAGREFS="LT1406"
                    BASELINE="698 1227 1769 1198" 
                    HPOS="696"
                    VPOS="1140"
                    WIDTH="1073"
                    HEIGHT="111">
            <Shape><Polygon POINTS="821 1157 818 1157 696 1169 698 1227 698 1236 798 1251 801 1251 1000 1233 1049 1230 1093 1233 1213 1239 1216 1239 1219 1239 1222 1239 1222 1236 1231 1230 1237 1224 1769 1224 1769 1198 1763 1154 1564 1140 1561 1140 1462 1157 1441 1160 1421 1157 1339 1148 1336 1148 1333 1148 1301 1160 1295 1163 1289 1160 1266 1145 1263 1145 1260 1145 1257 1145 1254 1145 1204 1163 1190 1166 1178 1163 1128 1148 1125 1148 1123 1148 1120 1148 1085 1163 1070 1169 1044 1166 988 1154 985 1154 924 1166 883 1175 856 1169 824 1157 821 1157"/></Shape>
	    <String CONTENT="Des 25 Cavaliers que"
                    HPOS="696"
                    VPOS="1140"
                    WIDTH="1073"
                    HEIGHT="111"></String>
          </TextLine>

          
          
          <TextLine ID="eSc_line_69acbcd0"
                    TAGREFS="LT1406"
                    BASELINE="637 1297 1824 1259" 
                    HPOS="634"
                    VPOS="1201"
                    WIDTH="1190"
                    HEIGHT="126">
            <Shape><Polygon POINTS="1658 1204 1649 1204 1637 1216 1628 1221 1520 1221 1509 1216 1488 1207 1482 1207 1462 1207 1403 1219 1354 1227 1207 1221 1111 1219 1108 1219 1079 1224 1026 1236 1014 1224 1008 1221 985 1221 979 1221 976 1224 970 1230 965 1227 959 1221 956 1221 927 1221 897 1224 868 1224 839 1224 810 1224 801 1224 795 1230 777 1242 760 1230 760 1227 757 1227 754 1227 751 1227 634 1230 637 1297 640 1327 728 1303 886 1318 906 1318 909 1318 935 1315 1099 1292 1163 1306 1181 1309 1184 1309 1257 1303 1456 1280 1532 1292 1564 1295 1567 1295 1824 1277 1824 1259 1816 1213 1710 1216 1702 1213 1684 1201 1658 1204"/></Shape>
	    <String CONTENT="à moi immédiatement de payer"
                    HPOS="634"
                    VPOS="1201"
                    WIDTH="1190"
                    HEIGHT="126"></String>
          </TextLine>

          
          
          <TextLine ID="eSc_line_8799ae0e"
                    TAGREFS="LT1406"
                    BASELINE="643 1365 1933 1335" 
                    HPOS="640"
                    VPOS="1268"
                    WIDTH="1293"
                    HEIGHT="114">
            <Shape><Polygon POINTS="1038 1286 1035 1286 1032 1286 1029 1286 991 1306 909 1289 903 1292 889 1292 865 1309 783 1295 757 1295 751 1295 640 1315 643 1365 643 1382 1933 1344 1933 1335 1927 1289 1801 1268 1798 1268 1705 1271 1702 1271 1664 1292 1415 1283 1412 1283 1345 1297 1327 1283 1324 1283 1321 1283 1318 1283 1316 1283 1283 1300 1260 1283 1257 1283 1254 1283 1251 1283 1248 1283 1196 1300 1105 1286 1102 1286 1099 1286 1067 1303 1041 1286 1038 1286"/></Shape>
	    <String CONTENT="vous avez la bonté, je vous prie 84 thalers"
                    HPOS="640"
                    VPOS="1268"
                    WIDTH="1293"
                    HEIGHT="114"></String>
          </TextLine>

          
          
          <TextLine ID="eSc_line_a94e3834"
                    TAGREFS="LT1406"
                    BASELINE="646 1444 1927 1406" 
                    HPOS="643"
                    VPOS="1338"
                    WIDTH="1284"
                    HEIGHT="123">
            <Shape><Polygon POINTS="1783 1341 1754 1341 1725 1341 1722 1341 1643 1350 1555 1362 1544 1353 1535 1347 1532 1347 1529 1347 1526 1347 1488 1356 1430 1368 1380 1356 1356 1353 1354 1353 1351 1353 1348 1353 1342 1359 1321 1371 1257 1359 1231 1356 1228 1356 1225 1356 1222 1356 1222 1359 1219 1359 1204 1373 1125 1362 1093 1359 1090 1359 1087 1359 1079 1362 1049 1376 976 1365 947 1362 944 1362 918 1368 833 1385 643 1373 646 1444 646 1461 1927 1432 1927 1406 1921 1347 1792 1338 1783 1341"/></Shape>
	    <String CONTENT="23 gros (le laubthaller à un thaler 13 gros) à"
                    HPOS="643"
                    VPOS="1338"
                    WIDTH="1284"
                    HEIGHT="123"></String>
          </TextLine>

          
          
          <TextLine ID="eSc_line_64954ca2"
                    TAGREFS="LT1406"
                    BASELINE="640 1523 1792 1473" 
                    HPOS="637"
                    VPOS="1414"
                    WIDTH="1155"
                    HEIGHT="138">
            <Shape><Polygon POINTS="1658 1414 1628 1417 1626 1417 1582 1429 1570 1432 1552 1432 1444 1420 1424 1423 1365 1438 1354 1444 1190 1447 1187 1447 1175 1435 1175 1432 1172 1432 1169 1432 1166 1432 1082 1449 1067 1452 1008 1452 696 1452 693 1452 690 1452 637 1467 640 1523 640 1552 777 1525 1020 1534 1023 1534 1026 1534 1070 1517 1108 1531 1111 1531 1114 1531 1120 1531 1450 1496 1503 1511 1506 1511 1509 1511 1722 1485 1783 1502 1792 1473 1783 1423 1684 1426 1681 1426 1664 1414 1658 1414"/></Shape>
	    <String CONTENT="M. schwœgerchen contre mien ne"
                    HPOS="637"
                    VPOS="1414"
                    WIDTH="1155"
                    HEIGHT="138"></String>
          </TextLine>

          
          
          <TextLine ID="eSc_line_8f17fc54"
                    TAGREFS="LT1406"
                    BASELINE="643 1587 1827 1546" 
                    HPOS="640"
                    VPOS="1482"
                    WIDTH="1187"
                    HEIGHT="125">
            <Shape><Polygon POINTS="1076 1505 1073 1505 1070 1505 1067 1505 1067 1508 1052 1523 1017 1508 1014 1508 1011 1508 1008 1508 973 1528 970 1528 959 1528 833 1514 815 1517 810 1517 789 1534 640 1537 643 1587 643 1607 1827 1563 1827 1546 1824 1502 1748 1482 1745 1482 1743 1482 1646 1499 1488 1490 1485 1490 1482 1490 1479 1490 1479 1493 1456 1511 1298 1499 1295 1499 1120 1523 1117 1523 1079 1505 1076 1505"/></Shape>
	    <String CONTENT="par lui à présenter assignation"
                    HPOS="640"
                    VPOS="1482"
                    WIDTH="1187"
                    HEIGHT="125"></String>
          </TextLine>

          
          
          <TextLine ID="eSc_line_a0d17e03"
                    TAGREFS="LT1406"
                    BASELINE="655 1648 1830 1607" 
                    HPOS="652"
                    VPOS="1555"
                    WIDTH="1178"
                    HEIGHT="108">
            <Shape><Polygon POINTS="1558 1558 1529 1558 1500 1558 1471 1561 1441 1561 1424 1561 1234 1578 973 1578 944 1578 915 1578 886 1581 856 1581 827 1581 821 1581 731 1596 710 1584 710 1587 687 1587 652 1599 655 1648 655 1663 1073 1660 1076 1660 1090 1654 1117 1639 1497 1628 1827 1634 1830 1607 1824 1561 1573 1555 1558 1558"/></Shape>
	    <String CONTENT="vouloir payer et à moi en piecte"
                    HPOS="652"
                    VPOS="1555"
                    WIDTH="1178"
                    HEIGHT="108"></String>
          </TextLine>

          
          
          <TextLine ID="eSc_line_e8377de6"
                    TAGREFS="LT1406"
                    BASELINE="655 1710 1851 1675" 
                    HPOS="652"
                    VPOS="1613"
                    WIDTH="1199"
                    HEIGHT="120">
            <Shape><Polygon POINTS="1550 1619 1450 1639 1447 1639 1368 1625 1365 1625 1362 1625 1324 1642 1321 1642 1166 1631 1149 1634 1140 1634 1125 1648 1123 1651 1008 1651 976 1651 962 1639 944 1639 938 1639 924 1654 880 1642 856 1642 842 1657 839 1657 836 1657 775 1645 769 1645 739 1645 652 1660 655 1710 655 1733 1450 1695 1535 1710 1538 1710 1541 1710 1547 1710 1728 1689 1845 1701 1851 1675 1845 1631 1754 1613 1751 1613 1748 1613 1707 1631 1552 1619 1550 1619"/></Shape>
	    <String CONTENT="le reste avec les autres 25 carolins"
                    HPOS="652"
                    VPOS="1613"
                    WIDTH="1199"
                    HEIGHT="120"></String>
          </TextLine>

          
          
          <TextLine ID="eSc_line_bd394f4a"
                    TAGREFS="LT1406"
                    BASELINE="655 1777 1269 1751" 
                    HPOS="652"
                    VPOS="1698"
                    WIDTH="617"
                    HEIGHT="99">
            <Shape><Polygon POINTS="1090 1698 1061 1698 1032 1701 1003 1701 973 1701 944 1704 915 1704 889 1704 845 1718 652 1724 655 1777 655 1797 1003 1771 1123 1783 1128 1783 1131 1783 1134 1783 1201 1762 1263 1777 1269 1751 1263 1701 1090 1698 1090 1698"/></Shape>
	    <String CONTENT="à Noël envoyer."
                    HPOS="652"
                    VPOS="1698"
                    WIDTH="617"
                    HEIGHT="99"></String>
          </TextLine>

          
          
          <TextLine ID="eSc_line_a700981c"
                    TAGREFS="LT1406"
                    BASELINE="722 1838 1836 1797" 
                    HPOS="719"
                    VPOS="1730"
                    WIDTH="1117"
                    HEIGHT="120">
            <Shape><Polygon POINTS="1158 1756 1128 1759 1099 1759 1070 1759 1041 1762 1011 1762 982 1765 953 1765 924 1768 909 1768 877 1777 824 1771 807 1771 777 1774 748 1774 745 1774 719 1786 722 1838 722 1850 1836 1818 1836 1797 1830 1748 1675 1730 1672 1730 1669 1730 1666 1730 1666 1733 1643 1751 1552 1736 1550 1736 1547 1736 1544 1736 1509 1756 1187 1756 1158 1756"/></Shape>
	    <String CONTENT="Pour la seconde édition de mon"
                    HPOS="719"
                    VPOS="1730"
                    WIDTH="1117"
                    HEIGHT="120"></String>
          </TextLine>

          
          
          <TextLine ID="eSc_line_65ba2312"
                    TAGREFS="LT1406"
                    BASELINE="646 1906 1816 1859" 
                    HPOS="643"
                    VPOS="1803"
                    WIDTH="1173"
                    HEIGHT="132">
            <Shape><Polygon POINTS="1286 1818 1269 1818 1257 1830 1248 1835 1237 1830 1213 1821 1199 1824 1184 1824 1175 1832 1169 1841 1114 1841 1105 1838 1082 1827 1052 1827 1035 1827 894 1847 865 1835 848 1835 818 1835 789 1838 760 1838 731 1838 728 1835 687 1838 684 1838 643 1856 646 1906 652 1935 669 1920 754 1929 783 1932 786 1932 789 1932 792 1932 795 1929 821 1911 1099 1903 1564 1903 1596 1903 1596 1900 1599 1900 1602 1900 1669 1879 1813 1891 1816 1859 1807 1803 1403 1830 1359 1824 1307 1818 1286 1818"/></Shape>
	    <String CONTENT="histoire de la révolte des pays-bas"
                    HPOS="643"
                    VPOS="1803"
                    WIDTH="1173"
                    HEIGHT="132"></String>
          </TextLine>

          
          
          <TextLine ID="eSc_line_a0a24177"
                    TAGREFS="LT1406"
                    BASELINE="666 1964 1661 1935" 
                    HPOS="663"
                    VPOS="1876"
                    WIDTH="998"
                    HEIGHT="111">
            <Shape><Polygon POINTS="959 1894 956 1894 912 1908 903 1911 889 1911 801 1903 798 1903 663 1920 666 1964 666 1987 754 1970 786 1984 789 1984 792 1984 795 1984 962 1982 1000 1973 1073 1958 1219 1964 1354 1970 1356 1970 1359 1970 1362 1970 1362 1967 1365 1967 1371 1958 1377 1949 1661 1944 1661 1935 1652 1876 1354 1900 1178 1897 962 1894 959 1894"/></Shape>
	    <String CONTENT="avec appendice, un"
                    HPOS="663"
                    VPOS="1876"
                    WIDTH="998"
                    HEIGHT="111"></String>
          </TextLine>

          
          
          <TextLine ID="eSc_line_3b4f4ed5"
                    TAGREFS="LT1406"
                    BASELINE="655 2034 1792 1993" 
                    HPOS="652"
                    VPOS="1929"
                    WIDTH="1140"
                    HEIGHT="126">
            <Shape><Polygon POINTS="1237 1949 1207 1949 1204 1949 1181 1967 1064 1958 1061 1958 810 1982 734 1964 731 1964 728 1964 725 1964 652 1984 655 2034 655 2055 973 2031 994 2049 997 2049 1000 2049 1003 2052 1061 2052 1061 2049 1064 2049 1067 2049 1067 2046 1070 2046 1082 2028 1155 2043 1158 2043 1161 2043 1163 2043 1166 2043 1245 2022 1351 2034 1354 2034 1471 2014 1786 2022 1792 1993 1789 1949 1734 1929 1731 1929 1728 1929 1538 1955 1254 1946 1237 1949"/></Shape>
	    <String CONTENT="louis d&#39;or par feuille me suffira"
                    HPOS="652"
                    VPOS="1929"
                    WIDTH="1140"
                    HEIGHT="126"></String>
          </TextLine>

          
          
          <TextLine ID="eSc_line_a97f88b6"
                    TAGREFS="LT1406"
                    BASELINE="666 2101 1751 2055" 
                    HPOS="663"
                    VPOS="2002"
                    WIDTH="1088"
                    HEIGHT="126">
            <Shape><Polygon POINTS="1567 2002 1538 2005 1509 2005 1503 2005 1368 2025 1351 2011 1333 2011 1316 2011 1175 2028 1146 2017 1128 2017 1064 2043 991 2043 970 2025 968 2025 965 2025 962 2025 959 2025 921 2046 742 2037 739 2037 736 2037 663 2058 666 2101 666 2122 865 2128 868 2128 871 2128 921 2110 941 2104 979 2107 1070 2119 1073 2119 1172 2098 1190 2096 1199 2098 1242 2110 1245 2110 1248 2110 1251 2110 1254 2110 1275 2093 1280 2090 1321 2093 1476 2101 1479 2101 1482 2101 1535 2081 1547 2078 1552 2081 1596 2096 1599 2096 1602 2096 1605 2096 1608 2096 1608 2093 1611 2093 1620 2078 1623 2075 1748 2069 1751 2055 1745 2014 1585 2002 1567 2002"/></Shape>
	    <String CONTENT="et je prie que plus petit"
                    HPOS="663"
                    VPOS="2002"
                    WIDTH="1088"
                    HEIGHT="126"></String>
          </TextLine>

          
          
          <TextLine ID="eSc_line_0354e670"
                    TAGREFS="LT1406"
                    BASELINE="666 2169 1892 2122" 
                    HPOS="663"
                    VPOS="2075"
                    WIDTH="1229"
                    HEIGHT="126">
            <Shape><Polygon POINTS="1871 2081 1602 2090 1573 2075 1570 2075 1567 2075 1482 2096 1476 2096 1468 2096 1342 2084 1339 2084 1336 2084 1263 2104 1257 2104 1234 2104 965 2098 962 2098 807 2122 798 2122 792 2122 690 2110 687 2110 684 2110 681 2110 663 2119 666 2169 672 2201 693 2186 842 2192 883 2192 886 2192 909 2189 982 2174 1070 2180 1120 2183 1123 2183 1161 2177 1213 2166 1245 2172 1275 2177 1278 2177 1892 2139 1892 2122 1886 2101 1871 2081"/></Shape>
	    <String CONTENT="format et un peu plus petits caractères"
                    HPOS="663"
                    VPOS="2075"
                    WIDTH="1229"
                    HEIGHT="126"></String>
          </TextLine>

          
          
          <TextLine ID="eSc_line_9803cf19"
                    TAGREFS="LT1406"
                    BASELINE="678 2230 1807 2198" 
                    HPOS="675"
                    VPOS="2139"
                    WIDTH="1132"
                    HEIGHT="123">
            <Shape><Polygon POINTS="1792 2157 1702 2139 1699 2139 1596 2142 1593 2142 1590 2142 1564 2163 1561 2166 1272 2172 1266 2169 1245 2157 1242 2157 1240 2157 1237 2157 1108 2172 1067 2177 1049 2174 994 2160 991 2160 988 2160 985 2160 982 2160 959 2177 953 2180 675 2180 678 2230 678 2262 780 2245 944 2256 976 2256 979 2256 982 2256 985 2256 988 2253 1011 2239 1064 2250 1082 2253 1085 2253 1087 2253 1096 2248 1123 2236 1143 2248 1152 2250 1155 2250 1158 2250 1161 2250 1184 2245 1237 2233 1313 2239 1339 2242 1342 2242 1397 2236 1517 2224 1535 2230 1555 2239 1558 2239 1561 2239 1564 2239 1596 2227 1617 2221 1628 2227 1649 2236 1652 2236 1655 2236 1807 2218 1807 2198 1804 2195 1792 2157"/></Shape>
	    <String CONTENT="pour cela soient employés."
                    HPOS="675"
                    VPOS="2139"
                    WIDTH="1132"
                    HEIGHT="123"></String>
          </TextLine>

          
          
          <TextLine ID="eSc_line_89447d84"
                    TAGREFS="LT1406"
                    BASELINE="739 2309 1658 2283" 
                    HPOS="736"
                    VPOS="2218"
                    WIDTH="922"
                    HEIGHT="114">
            <Shape><Polygon POINTS="739 2309 739 2332 1658 2306 1658 2283 1649 2218 1550 2239 1520 2227 1517 2227 1514 2227 1321 2245 1248 2230 1245 2230 982 2253 912 2239 909 2239 906 2239 903 2239 900 2239 880 2256 736 2245 739 2309"/></Shape>
	    <String CONTENT="Je, avec tout estime,"
                    HPOS="736"
                    VPOS="2218"
                    WIDTH="922"
                    HEIGHT="114"></String>
          </TextLine>

          
          
          <TextLine ID="eSc_line_626160ea"
                    TAGREFS="LT1406"
                    BASELINE="687 2370 1608 2344" 
                    HPOS="684"
                    VPOS="2286"
                    WIDTH="924"
                    HEIGHT="125">
            <Shape><Polygon POINTS="1532 2288 1503 2288 1473 2288 1444 2291 1415 2291 1386 2291 1356 2291 1327 2294 1310 2294 1304 2300 1301 2303 1286 2303 1242 2294 1240 2297 1210 2297 1181 2297 1155 2297 1125 2306 1085 2315 684 2315 687 2370 687 2411 994 2382 1125 2382 1166 2400 1169 2400 1172 2400 1175 2400 1190 2397 1310 2373 1377 2391 1389 2394 1392 2394 1395 2394 1415 2391 1509 2367 1535 2385 1535 2388 1538 2388 1541 2388 1544 2388 1608 2382 1608 2344 1602 2297 1547 2286 1532 2288"/></Shape>
	    <String CONTENT="reste votre très dévoué"
                    HPOS="684"
                    VPOS="2286"
                    WIDTH="924"
                    HEIGHT="125"></String>
          </TextLine>

          
          
          <TextLine ID="eSc_line_8a43888e"
                    TAGREFS="LT1406"
                    BASELINE="1304 2443 1658 2429" 
                    HPOS="1304"
                    VPOS="2364"
                    WIDTH="354"
                    HEIGHT="117">
            <Shape><Polygon POINTS="1304 2426 1304 2443 1304 2464 1377 2461 1392 2470 1409 2481 1412 2481 1415 2481 1418 2481 1421 2481 1441 2473 1459 2461 1482 2473 1488 2476 1491 2476 1494 2476 1497 2476 1506 2473 1538 2461 1552 2476 1561 2481 1564 2481 1567 2481 1570 2481 1658 2476 1658 2429 1652 2385 1550 2364 1547 2364 1544 2364 1511 2379 1380 2370 1377 2370 1374 2370 1371 2370 1371 2373 1351 2394 1351 2397 1313 2397 1304 2426"/></Shape>
	    <String CONTENT="Schiller"
                    HPOS="1304"
                    VPOS="2364"
                    WIDTH="354"
                    HEIGHT="117"></String>
          </TextLine>

          
        </TextBlock>
        

        
      </PrintSpace>
    </Page>
  </Layout>
</alto>
