2480 3508
310 0 663 201 Saxe (le M.^al de)

1099 157 126 135 70.^e

321 529 807 117 si les sir constence vous

315 596 878 140 presse il n'ait pas douteux

324 698 834 129 que lassau general ne soit

315 780 825 132 se que Les regles de Lard

310 894 798 102 nous indique, mais si

310 955 856 132 vous voiez que les ennemis

310 1061 851 114 ne < se presante pas pour >

301 1116 816 146 font oqune disposition

307 1195 894 146 pour vous ataquer je pence

310 1303 886 129 que La chicanne vous mèneras

307 1373 856 126 au meme but a La vérites

310 1458 865 132 un peut plus toit, dans

307 1546 924 149 le premier cas je vous conseille

312 1648 881 91 res de faire sondes Le innon

277 1710 933 146 = dation, au dessous du fort

307 1812 830 129 Rouver pour voir si en

312 1914 843 100 passant au traver vous ne

310 1958 871 146 pouriez pas par la Len faire

304 2052 892 137 une ataque vray où tousse

304 2122 895 123 en meme temp que vous series

295 2210 950 122 montes au breches, pour leur

289 2306 904 120 faire une diversion, vous

295 2370 936 108 deves vous atendre a des mines

289 2446 915 129 dans Les ouvrages et comme

295 2516 898 123 vous seres obliges de monter

301 2584 883 105 en forse Le desordre pouret

310 2657 807 134 aitre Gran mais je Lesse

307 2753 792 103 sela a Lhabiletes de vos

307 2806 897 123 dispositions et absolument

307 2905 889 114 Le mâitre de se que vous jugeres

312 3005 740 93 a propos de faire, si vous

304 3069 857 99 enportes La plasse d'assau

301 3154 868 93 il fauderas faire en corte

295 3227 898 96 que Les autre gouverneurs ne

280 3294 907 111 soit pas tentes de Latendre

1433 333 406 128 1^er. Article

1254 520 980 131 Comme j'espere que la bru[?]e

1257 646 959 134 sur les deux faces du bastion et

1228 774 988 132 de la demie lune sera faite en

1237 915 1006 108 meme temps et vingt quatre

1231 1043 1023 105 heures apres qu'on aura commencé

1251 1143 919 116 a tirer, j'ay voulu vous

1257 1262 965 129 demander, Monseigneur, la

1257 1409 845 128 permission de donner vu

1263 1517 988 140 vigoureux assault proportionné

1272 1634 974 149 a la garnison Ennemie ; Ce qui

1240 1771 932 129 pouvant devenir un peu

1237 1891 944 146 meurtrier me fait souhaitter

1240 2008 909 158 d'avoir vôtre approbation.

1456 2157 196 149 2^e.

1275 2291 962 149 Je vous supplie de me dire

1266 2429 971 158 ce que le Roy a dessein de

1251 2566 954 129 faire avec cette ville ; S'il

1257 2677 915 161 veut la garder cet hyver

1260 2803 869 132 et s'il ordonne qu'on la

1269 2932 979 134 ravitaille de tout ce dont elle

1778 70 438 79 REnvoyé le 7. 7.^bre avec le [?] -.

1792 116 129 71 apostillat.

2137 137 44 58 81
