2480 3508
1292 540 611 117 Iena 6 déc. 1799

614 1005 1298 100 Ici vous recevez enfin le manuscrit

581 1081 1352 105 de mes poësies (excepté la préface et quelques

599 1154 1164 100 notes comme appendice

593 1204 1345 140 lesquelles seulement quand tout sera imprimé

599 1289 1246 131 pourront suivre.) Je souhaite

593 1362 1307 131 des caractères allemands et j'ai là dessus

590 1435 1246 149 déja parlé avec Goepferdt. Une

590 1517 1346 131 vignette de titre pourrait peut être ne pas être

596 1593 1334 128 un ornement inutile. Si vous vous

596 1654 1237 149 décidez à une, je désire que

596 1733 1416 149 M. le Professeur Meier d'ici <> le dessin

590 1806 1270 161 fasse. Vous ferez bien de

602 1897 1374 134 vous pour un grand nombre de bons

602 1987 1451 135 exemplaires aussi bien sur papier de poste que

596 2066 1410 132 sur papier vélin prépar[?]. Du moins

605 2145 1263 149 j'ai par les 5 almanachs

614 2245 1231 131 que j'ai publiés, l'expérience

611 2332 1325 146 faite que pour de pareilles éditions

614 2435 1295 122 toujours fortes demandes il y a.

625 2522 1287 155 La première feuille du manuscrit du

1915 511 53 76 91
