3736 5713
929 76 1787 190 voyage et campagne dans le pays de hesse en 1760

195 299 133 158 mois

181 399 200 181 may. 11

452 285 3074 191 ayant Receu au commencement de ce mois un ordre du ministre pour me rendre à l'armée du bas Rhin

443 409 3016 152 < un ordre du ministre > où je devois servir en qualité d'ingenieur géographe attaché à l'etat major de larmée.

447 495 2264 147 je pus prendre congé du M^al de belle isle qui avoit alors le déportement de la guerre.

443 537 3088 196 je < me trouva alors dans > d'une scituation embarassante. < j'etudiois dans > je ne dissimulerai rien des evenements de ma vie

538 595 376 85 venoit de sortir

428 656 3193 172 j'y mettrai le bon et le mauvais afin d'avoir toujours present à l'esprit le souvenir de la providence qui m'a en quelque

414 766 767 129 sorte conduit par la main.

419 747 3107 214 j'etudiois dans le genie des ponts et chaussées lors que j'apris que mon pere venoit de se <>re marier. ce nouvel hymen

419 875 3064 191 venoit de faire tarir absolument la source de secours paternels. on dit avec assés de Raison que les malheurs

1963 952 314 81 une partie des

419 952 3045 200 se suivent. dans ce temps les besoins de l'etat firent reformer < des > fonds des ponts et chaussées en sorte que la pluspart

1710 999 472 119 occupé de mes etudes

428 1037 3045 200 des ingenieurs et tous les eleves furent remerciés. je n'avois aucun patron qui s'interessât à moi <>. un jour

395 1114 3093 214 un de mes compagnons de fortune me proposa d'aller à Versailles où le ministre de la guerre formoit un corps

419 1185 3097 224 de jeunes ingenieurs pour lever les marches et camps de l'armée. avant de partir nous fumes trouver le s.^r prouy

405 1275 3035 234 notre ancien directeur pour en obtenir des lettres de recommandation. il les differa dans l'intention de placer

3173 1428 124 71 deux

376 1471 229 95 avant nous

395 1313 3131 291 quelques uns de nos camarades auxquels il prenoit plus d'interest. nous continuames notre voyage dont le succès

390 1428 3041 281 fut heureux car par un bonheur singulier le S. B. chef de ce nouveau corps nous prit pour les ingenieurs

390 1513 3021 272 qu'il avoit déjà demandés au S.^r p. nous etions inscrits lorsque la méprise fut découverte. nous eumes

400 1637 1901 257 la double satisfaction d'etre placés et de l'etre sans recommandation.

405 1671 3121 290 mes apointements etoient de deux cent francs par mois, nous receumes chacun une gratification de six cents livres.

424 1818 2168 229 je partis de paris par la diligence de bruxelles pour me rendre à l'armée du bas Rhin.

457 1866 3007 276 je fus frapé chemin faisant du calme des villes de provinces. jetois accoutumé au tumulte et au tourbillon de paris,

614 2085 167 85 bouchain

414 1990 2840 247 peronne, valenciennes, mons, nous parurent des deserts. bruxelles nous offrit une faible image de la capitale.

2282 2199 157 71 raretes

414 2070 3136 272 Cette ville batie à la gothique est scituée sur un terrain inégal. elle est assés grande mais sans maisons de campagne

371 2175 3193 267 aux environs. le palais du gouverneur est triste, nous y vimes quelques < curiosités > entrautres tous les arts et metiers exécutés

1944 2285 476 85 la curiosité vous

376 2285 2135 266 en petit avec leurs differents instruments collection digne de < l'inttention > des princes.

1968 2361 467 147 le vent seul y est cher

2763 2275 291 176 qui mene à

400 2289 2945 329 on fait bonne chere à bruxelles où abonde le poisson de mer. il y a sur les bords du canal < d > anver une très belle

390 2385 3045 295 promenade où l'on se promene avec beaucoup d'ennuy. une multitude de carosses se suivent à la file et

376 2470 3102 291 revenant sur leurs pas dans la même allée forment un long chapelet. l'usage veut qu'on aille très lentement

3035 2642 210 81 grave est

390 2561 3045 285 et qu'on salue tous les equipages qui passent à la file devant le votre non seulement la premiere foy mais

385 2613 3117 319 tout le temps qu'on y reste ce qui vous tient dans un exercice perpetuel de reverences. cette coutume sans doutte

414 2689 3155 348 espagnolle ainsy que celles des femmes de porter < de >sur la tete des voiles qu'ils apellent fayes. je remarquai plus cet< te >

395 2956 429 114 <> ajustement

400 2842 2173 285 < usage > etoit commun aux <>personnes de la picardie et de la haute normandie.

1553 2956 357 105 les soldats sont

414 2856 3131 348 en general dans cette partie des pays bas le peuple est devot et les moines <> libertins. nous etions entrés dans

381 2975 3069 314 une église de recollets pour en examiner les tableaux lorsqu'un des peres nous prie d'entrer dans la sacristie. il nous

385 3056 3122 324 parla beaucoup de la guerre suivant la coutume des gens de son état. de temps en temps il juroit, enfin une femme

390 3118 3179 352 etait venue l'avertir qu'on l'attendait au confessional il nous dit M.^rs je vous quitte car mon devoir est de consoler

376 3365 967 196 les veuves et de fortifier les vierges.

381 3251 3207 386 nous [?]artame. au diner du prince charles de lorraine gouverneur des pays bas. ce bon prince est singulierement aimé

395 3375 3083 347 des habitans par son affabilité. on m'a assuré qu'il y en a fort peu d'entre eux à qui il n'ait parlé au moins une fois. il nous

2354 3575 448 109 < de laine > de laine

433 3618 686 171 souhaita une campagne heureuse.

390 3442 3079 380 nous nous hatames de voir les curiosités de bruxelles, l'enfant qui pisse, les pucelles qui jettent de l'eau par leur tetius

390 3523 3069 390 sont des monuments dignes de la bonhommie de ce peuple. les tapisseries de l'hotel de ville merittent l'attention des

2711 3808 291 86 et du beurre,

405 3765 1286 238 voyageurs par la< eur > fraischeur de leurs couleurs.

419 3675 2945 414 les coutumes < paroissaient > s'ecartoient insensiblement des notres en nous eloignant de la france. nous vimes

424 3770 3035 405 < partout > dans beaucoup d'endroits l'usage de mettre des raisins, des amendes < et > du sucre <> dans la

409 3865 3193 400 pluspart des aliments, partout les soupes ressembloient a < des > sauces et les sauces a des soupes. ces petit désagrement

405 3970 2935 381 sont compensés par la propreté des auberges, la beauté du linge, et la bonté des vivres. dans ces maisons

409 4013 3069 443 publiques il regne une décence inconnüe ches nos bruyans françois. l'hote sasseoit à table et il distribue les

428 4132 2993 395 services a chacun des convives. on ne dispute point sur le prix. l'usage plus que la police regle ces maisons

419 4322 1873 291 où se rassemblent les honnetes gens de la ville et souvent les magistrats.

419 4241 3126 462 les voitures publiques ne sont pas suspendues comme les notres ce sont de simples chariots couverts de cuir. ils vont

409 4356 3103 442 lentement avec peu de chevaux. leur embompoint ressemble à celui de leur maittres. toulte les lieues le cocher

405 4527 2315 343 sarretoit pour partager avec ses chevaux une tartine de pain et de beurre.

381 4537 3135 442 nous ne fimes que traverser vuremonde et gueldre dont le voisinage est souvent rempli de deserteurs françois enfin

395 4665 3150 395 nous arrivames a vesel sur la rive droitte du Rhin. cette place est dun coté deffendue par ce fleuve et de l'autre

424 4784 2678 424 < plusieurs > protegée par plusieurs ouvrages multipliés et trop resserés suivant l'usage allemand.

157 2951 81 100 28

3383 214 109 95 15
