2780 3707
52 86 529 185 Bernardin

123 216 467 188 de S^t Pierre

216 333 2418 272 Je suis bien sensible, Monsieur, à tous les témoignages de votre

238 447 2393 254 amitié qui embrasse tout ce qui peut m'etre agréable et utile.

253 583 2428 272 j'aurai beaucoup de plaisir à entendre votre ami M^r Desfontaines,

269 719 2356 238 le voyage de l'Atlas est selon moi un des plus curieux qu'on

293 815 2323 253 puisse faire aujourdhui. cette montagne asséz bien connue

287 914 2394 256 des anciens, l'est fort peu des modernes. lorsque nos naturalistes à

55 1022 2551 309 [?], parlent de la nature vivante ils la tuent, mais je ne doutte

299 1130 2286 297 pas que M^r Des fontaines qui a voyagé en homme sensible,

309 1285 1555 250 ne rende vivante, même la nature morte.

299 1359 2279 293 Ce meme Morrin qui a vendu tout de contrefaçons de mon

330 1461 2354 318 livre m'ecrit qu'il ne croit pas qu'il en soit entré dans Marseille

352 1600 2196 284 il me propose de lui faire parvenir 26 exemplaires de ma

343 1661 2307 322 nouvelle édition avec la remise de 1^lt 15^d diserte qu'il dit

241 1763 2427 331 lui avoir eté soustraitte en grande partie par son correspondant

346 1890 2319 318 de paris. je ne lui ai pas répondu car je ne traitte pas avec

371 1958 2217 358 les gens de mauvaise fois. il pourra s'adresser comme les

377 2069 2260 362 autes à la personne qui sera chargée de la vente de mon

377 2378 256 155 edition.

380 2252 2171 336 on en fait des demandes de tous cotés car les libraires de

374 2363 2217 352 paris ont ecrit que l'acienne étoit épuisée. un libraire

367 2483 2181 352 de Rouen me fait des propositions qui me paroissent plus

386 2591 2143 352 simples que les arrangements précedents. il m'offre de

386 2693 2279 359 lever 2 à 3 cents exemplaires à la fois, argent comptant

392 2832 2165 368 si je veux lui remettre < > 2^lt 5^d par exemplaire en feuille.

2486 111 65 105 19
