<?xml version="1.0" encoding="UTF-8"?>
<alto xmlns:xsi="http://www.w3.org/2001/XMLSchema-instance"
      xmlns="http://www.loc.gov/standards/alto/ns-v4#"
      xsi:schemaLocation="http://www.loc.gov/standards/alto/ns-v4# http://www.loc.gov/standards/alto/v4/alto-4-2.xsd">
  <Description>
    <MeasurementUnit>pixel</MeasurementUnit>
    <sourceImageInformation>
      <fileName>f36.png</fileName>
      
    </sourceImageInformation>
  </Description>
  
  <Tags>
    <OtherTag ID="BT4263" LABEL="NumberingZone" DESCRIPTION="block type NumberingZone"/><OtherTag ID="BT4262" LABEL="MarginTextZone" DESCRIPTION="block type MarginTextZone"/><OtherTag ID="BT4261" LABEL="MainZone" DESCRIPTION="block type MainZone"/><OtherTag ID="BT4264" LABEL="StampZone" DESCRIPTION="block type StampZone"/>
    <OtherTag ID="LT1483" LABEL="InterlinearLine" DESCRIPTION="line type InterlinearLine"/><OtherTag ID="LT1407" LABEL="HeadingLine" DESCRIPTION="line type HeadingLine"/><OtherTag ID="LT1406" LABEL="DefaultLine" DESCRIPTION="line type DefaultLine"/>
  </Tags>
  
  <Layout>
    <Page WIDTH="2787"
          HEIGHT="3716"
          PHYSICAL_IMG_NR="8"
          ID="eSc_dummypage_">
      <PrintSpace HPOS="0"
                  VPOS="0"
                  WIDTH="2787"
                  HEIGHT="3716">
        
        <TextBlock HPOS="247"
                   VPOS="123"
                   WIDTH="2474"
                   HEIGHT="3032"
                   ID="eSc_textblock_fc5f1b25"
                   TAGREFS="BT4261">
          <Shape><Polygon POINTS="2598 136 2635 173 2684 777 2622 913 2697 966 2721 1238 2721 2115 2672 2291 2672 2362 2721 2390 2709 2957 2412 3031 520 3155 445 2499 445 1659 322 495 269 418 247 442 247 260 582 198 1957 123"/></Shape>
          
          
          <TextLine ID="eSc_line_ac4f4d41"
                    TAGREFS="LT1406"
                    BASELINE="253 318 1616 232 2613 213" 
                    HPOS="250"
                    VPOS="123"
                    WIDTH="2363"
                    HEIGHT="208">
            <Shape><Polygon POINTS="2598 142 2567 133 2536 133 2505 133 2474 133 2464 133 2421 145 2396 130 2381 130 2350 130 2341 130 2297 151 2294 154 2285 154 2198 154 2145 126 2133 126 2102 123 2084 123 1740 179 1737 179 1675 142 1672 142 1669 142 1666 142 1566 145 1563 145 1474 185 1356 164 1353 164 1350 164 1266 191 1037 170 1018 173 1009 173 857 216 671 191 650 191 631 191 538 238 269 250 250 257 253 318 253 331 743 322 817 312 972 287 1006 303 1021 309 1024 309 1028 309 1031 309 1034 309 1043 300 1065 281 1415 266 1514 281 1542 284 1545 284 1548 284 1566 278 1628 257 1923 257 1926 257 1929 257 2000 238 2049 250 2053 250 2056 250 2155 232 2238 250 2251 250 2254 250 2257 250 2266 247 2334 229 2610 232 2613 213 2607 151 2598 142"/></Shape>
	    <String CONTENT="ce meme libraire m&#39;offre aussi d&#39;en faire une édition particuliere,"
                    HPOS="250"
                    VPOS="123"
                    WIDTH="2363"
                    HEIGHT="208"></String>
          </TextLine>

          
          
          <TextLine ID="eSc_line_059b8a08"
                    TAGREFS="LT1406"
                    BASELINE="294 436 1591 356 2595 328" 
                    HPOS="287"
                    VPOS="235"
                    WIDTH="2308"
                    HEIGHT="232">
            <Shape><Polygon POINTS="294 436 294 467 755 418 901 427 904 427 1065 402 1099 427 1102 427 1105 427 1108 430 1173 430 1173 427 1204 421 1365 383 1706 371 1780 387 1783 387 1786 387 1885 362 1957 380 1984 387 1988 387 1991 387 2056 383 2059 383 2062 383 2074 374 2099 356 2127 371 2130 371 2133 371 2136 371 2248 368 2251 368 2263 362 2313 343 2378 356 2424 365 2427 365 2595 343 2595 328 2585 257 2471 260 2464 260 2368 235 2365 235 2362 235 2359 235 2254 266 2232 272 2217 269 2186 260 2183 260 2180 260 2037 275 2025 275 2022 275 1950 257 1947 257 1944 257 1941 257 1882 281 1858 294 1780 294 1768 284 1743 266 1740 266 1737 266 1734 266 1486 294 1309 315 1216 306 1142 297 1139 297 1080 309 975 337 894 337 863 318 860 318 857 318 854 318 848 318 665 349 548 328 532 328 529 328 526 328 520 331 492 343 439 334 424 331 421 331 418 331 414 331 411 334 383 356 362 337 359 337 356 337 353 337 287 337 294 436"/></Shape>
	    <String CONTENT="de s&#39;arranger avec moi pour mes droits, en s&#39;engageant de n&#39;en"
                    HPOS="287"
                    VPOS="235"
                    WIDTH="2308"
                    HEIGHT="232"></String>
          </TextLine>

          
          
          <TextLine ID="eSc_line_0541d955"
                    TAGREFS="LT1406"
                    BASELINE="340 548 1195 492 2588 442" 
                    HPOS="334"
                    VPOS="353"
                    WIDTH="2254"
                    HEIGHT="226">
            <Shape><Polygon POINTS="340 548 340 579 489 554 610 569 619 569 622 569 625 569 628 569 702 541 817 560 833 560 836 560 839 560 842 560 845 557 898 526 984 520 1288 510 1374 529 1402 535 1405 535 1492 526 1619 507 1638 517 1650 523 1653 523 1656 523 1957 510 1960 510 1988 498 2043 473 2207 470 2229 486 2241 498 2245 498 2248 498 2251 498 2254 498 2257 498 2279 486 2310 467 2585 467 2588 442 2582 365 2564 353 2560 353 2557 353 2554 353 2464 374 2449 377 2443 374 2399 356 2396 356 2393 356 2390 356 2387 356 2353 380 2347 383 2328 380 2276 371 2272 371 2269 371 2266 371 2254 383 2245 390 2204 387 2059 371 2056 371 2053 371 1981 396 1966 402 1960 396 1947 387 1944 387 1941 387 1684 387 1681 387 1678 387 1619 411 1607 418 1594 414 1535 396 1532 396 1529 396 1374 424 1371 424 1365 424 1260 405 1257 405 1254 405 1173 433 1164 436 1161 433 1130 411 1127 411 1124 411 1120 411 1117 411 1080 430 833 424 829 424 826 424 823 424 792 452 789 455 582 461 575 461 529 445 526 445 523 445 520 445 517 445 495 464 492 467 334 470 340 548"/></Shape>
	    <String CONTENT="point faire parvenir dans paris. cette proposition peut avoir"
                    HPOS="334"
                    VPOS="353"
                    WIDTH="2254"
                    HEIGHT="226"></String>
          </TextLine>

          
          
          <TextLine ID="eSc_line_7266a041"
                    TAGREFS="LT1406"
                    BASELINE="349 659 1449 591 2347 554 2663 554" 
                    HPOS="343"
                    VPOS="449"
                    WIDTH="2320"
                    HEIGHT="238">
            <Shape><Polygon POINTS="349 659 349 671 526 687 529 687 532 687 579 662 594 656 616 662 637 668 641 668 644 668 647 668 675 659 715 644 1083 628 1201 637 1312 647 1316 647 1616 631 1619 631 1650 619 1703 594 1833 591 1892 610 1916 616 1919 616 1923 616 1972 606 2105 575 2660 575 2663 554 2656 473 2582 476 2539 449 2536 449 2533 449 2529 449 2526 449 2486 470 2362 470 2359 470 2356 470 2353 470 2353 473 2334 489 2322 489 2056 473 2053 473 2049 473 1984 507 1981 507 1966 507 1796 498 1792 498 1638 523 1566 498 1563 498 1560 498 1557 498 1554 498 1498 532 1495 535 1443 535 1247 538 1204 517 1201 517 1198 517 1012 545 978 529 975 529 972 529 860 551 656 545 653 545 650 545 588 579 585 582 343 591 349 659"/></Shape>
	    <String CONTENT="de grands inconvenients à cause du voisinage de rouen et de paris,"
                    HPOS="343"
                    VPOS="449"
                    WIDTH="2320"
                    HEIGHT="238"></String>
          </TextLine>

          
          
          <TextLine ID="eSc_line_4212ba76"
                    TAGREFS="LT1406"
                    BASELINE="365 774 947 727 2647 631" 
                    HPOS="362"
                    VPOS="557"
                    WIDTH="2285"
                    HEIGHT="241">
            <Shape><Polygon POINTS="2619 557 2548 569 2471 560 2440 557 2427 557 2396 557 2365 557 2334 557 2310 557 2241 572 2195 582 2139 579 2071 572 2068 572 2065 572 2062 572 2062 575 2053 582 2037 594 1994 585 1988 585 1984 585 1981 585 1978 585 1932 606 1895 591 1870 579 1867 579 1864 579 1675 588 1672 588 1669 588 1669 591 1653 603 1631 625 1461 634 1418 613 1415 613 1412 613 1408 613 1405 613 1402 613 1402 616 1378 637 1316 625 1312 625 1309 625 1306 625 1288 641 1266 622 1260 616 1257 616 1254 616 1251 616 1145 619 1142 619 1114 628 1040 659 987 634 978 631 975 631 972 631 829 637 826 637 811 644 774 662 743 647 733 644 730 644 727 644 724 644 712 650 644 684 461 693 362 668 365 774 365 783 439 798 442 798 445 798 520 777 526 774 532 774 569 792 572 792 575 792 579 792 619 771 634 761 894 749 904 755 925 767 929 767 932 767 935 767 938 767 941 767 966 752 969 749 978 749 1046 764 1049 764 1399 743 1402 743 1452 724 1477 712 1529 712 1545 718 1566 733 1570 733 1573 733 1576 733 1579 733 1619 715 1641 702 1873 693 1885 699 1904 709 1907 709 1910 709 1913 709 1944 696 1969 684 2136 678 2161 684 2201 696 2204 696 2207 696 2647 656 2647 631 2638 557 2619 557"/></Shape>
	    <String CONTENT="du nombre d&#39;exemplaires qui me seroit inconnu et qui produisoit"
                    HPOS="362"
                    VPOS="557"
                    WIDTH="2285"
                    HEIGHT="241"></String>
          </TextLine>

          
          
          <TextLine ID="eSc_line_c3b62cfd"
                    TAGREFS="LT1406"
                    BASELINE="377 879 1885 777 2660 755" 
                    HPOS="371"
                    VPOS="650"
                    WIDTH="2289"
                    HEIGHT="254">
            <Shape><Polygon POINTS="377 879 377 901 510 904 514 904 517 904 548 891 579 882 628 888 678 894 681 894 737 882 851 857 990 870 1052 873 1055 873 1059 873 1093 863 1164 842 1201 857 1210 860 1213 860 1216 860 1421 851 1424 851 1439 845 1495 817 1783 802 1848 817 1851 817 1854 817 1858 817 1904 795 1984 808 1988 808 2096 783 2173 802 2176 802 2180 802 2183 802 2186 802 2186 798 2214 777 2331 795 2337 795 2341 795 2356 795 2542 771 2656 777 2660 755 2650 675 2585 675 2529 650 2526 650 2523 650 2520 650 2458 684 2455 684 2421 684 2223 684 2220 684 2093 702 2037 709 1997 706 1783 690 1780 690 1492 709 1489 709 1486 709 1455 733 1443 746 1356 746 1347 740 1331 727 1328 727 1325 727 1322 727 1319 727 1316 727 1297 743 1282 755 1151 758 1124 752 1055 733 1052 733 1049 733 888 764 786 783 724 774 641 758 637 758 371 789 377 879"/></Shape>
	    <String CONTENT="l&#39;effet d&#39;une contrefaçon perpetuelle sous mon nom. cependant"
                    HPOS="371"
                    VPOS="650"
                    WIDTH="2289"
                    HEIGHT="254"></String>
          </TextLine>

          
          
          <TextLine ID="eSc_line_d02755da"
                    TAGREFS="LT1406"
                    BASELINE="393 994 1563 910 2579 873" 
                    HPOS="387"
                    VPOS="780"
                    WIDTH="2192"
                    HEIGHT="257">
            <Shape><Polygon POINTS="393 994 393 1037 585 1028 588 1028 591 1028 631 994 737 1003 740 1003 1012 966 1170 978 1173 978 1297 950 1374 981 1378 981 1381 981 1483 978 1486 978 1604 932 1789 935 1792 935 1901 916 2003 947 2006 947 2009 947 2012 947 2118 910 2229 910 2285 932 2288 932 2291 932 2294 932 2297 932 2325 910 2576 916 2579 873 2573 805 2421 780 2418 780 2362 783 2359 783 2356 783 2356 786 2325 817 2149 823 2037 792 2034 792 2031 792 1709 811 1706 811 1703 811 1644 854 1542 820 1539 820 1535 820 1532 820 1529 820 1474 857 1374 842 1371 842 1368 842 1365 842 1365 845 1340 867 1192 879 1182 879 1114 848 1111 848 1108 848 1105 848 978 885 826 867 823 867 820 867 671 907 659 913 387 922 393 994"/></Shape>
	    <String CONTENT="je pourois m&#39;en assurer en quelque sorte en fournissant moi"
                    HPOS="387"
                    VPOS="780"
                    WIDTH="2192"
                    HEIGHT="257"></String>
          </TextLine>

          
          
          <TextLine ID="eSc_line_d5856d11"
                    TAGREFS="LT1406"
                    BASELINE="396 1105 1216 1043 1799 1018" 
                    HPOS="390"
                    VPOS="922"
                    WIDTH="1409"
                    HEIGHT="214">
            <Shape><Polygon POINTS="396 1105 396 1136 538 1120 582 1127 613 1130 616 1130 619 1130 641 1120 687 1105 764 1111 826 1117 829 1117 833 1117 882 1102 925 1090 944 1099 966 1108 969 1108 972 1108 1105 1086 1158 1077 1164 1080 1179 1093 1182 1093 1186 1093 1189 1093 1405 1080 1408 1080 1449 1059 1458 1055 1470 1059 1545 1071 1548 1071 1796 1031 1799 1018 1789 950 1672 956 1669 956 1588 922 1585 922 1582 922 1579 922 1486 969 1483 972 1424 972 1381 972 1300 941 1297 941 1294 941 1291 941 1288 941 1238 975 1071 956 1068 956 1065 956 1062 956 1006 994 969 963 966 963 963 963 959 963 956 963 863 1006 820 984 817 984 814 984 811 984 758 1003 733 981 733 978 730 978 727 978 724 978 671 981 603 994 600 994 597 994 597 997 566 1028 566 1031 390 1037 396 1105"/></Shape>
	    <String CONTENT="même les exemplaires de mes figures."
                    HPOS="390"
                    VPOS="922"
                    WIDTH="1409"
                    HEIGHT="214"></String>
          </TextLine>

          
          
          <TextLine ID="eSc_line_04e2606a"
                    TAGREFS="LT1406"
                    BASELINE="396 1220 2681 1059" 
                    HPOS="387"
                    VPOS="956"
                    WIDTH="2294"
                    HEIGHT="307">
            <Shape><Polygon POINTS="1777 1021 1746 1021 1715 1024 1684 1024 1653 1024 1622 1028 1591 1028 1585 1028 1545 1055 1427 1037 1424 1037 1421 1037 1418 1037 1374 1071 1343 1055 1340 1055 1337 1055 1334 1055 1263 1074 1241 1055 1238 1055 1235 1055 1232 1055 1229 1055 1133 1090 1065 1062 1062 1062 1059 1062 1055 1062 1052 1062 1006 1099 888 1077 885 1077 882 1077 833 1102 740 1093 737 1093 733 1093 641 1124 594 1102 591 1102 498 1102 495 1102 492 1102 387 1142 396 1220 396 1263 532 1257 535 1257 541 1254 613 1223 727 1238 749 1241 752 1241 879 1232 882 1232 885 1232 894 1226 935 1201 984 1216 1003 1223 1006 1223 1009 1223 1012 1223 1015 1223 1028 1213 1068 1189 1158 1201 1161 1201 1164 1201 1235 1170 1585 1148 1644 1161 1703 1173 1706 1173 1709 1173 1746 1158 1848 1164 1851 1164 1854 1164 1923 1142 1975 1155 1978 1155 1981 1155 1984 1155 2043 1127 2062 1117 2074 1124 2102 1142 2105 1142 2108 1142 2111 1142 2245 1136 2248 1136 2251 1136 2285 1105 2294 1099 2362 1099 2489 1102 2492 1102 2495 1102 2499 1102 2499 1099 2514 1086 2517 1080 2678 1071 2681 1059 2672 981 2551 956 2548 956 2499 963 2495 963 2492 963 2492 966 2455 1000 2087 1021 2034 1000 2031 1000 2028 1000 2025 1000 1926 1031 1892 1006 1888 1006 1885 1006 1882 1006 1777 1009 1777 1021"/></Shape>
	    <String CONTENT="ce point jusqu&#39;a present est resté indécis jusqu&#39;a ce que ce libraire"
                    HPOS="387"
                    VPOS="956"
                    WIDTH="2294"
                    HEIGHT="307"></String>
          </TextLine>

          
          
          <TextLine ID="eSc_line_f4f19db4"
                    TAGREFS="LT1406"
                    BASELINE="405 1331 764 1312 1198 1263 2675 1176" 
                    HPOS="399"
                    VPOS="1096"
                    WIDTH="2276"
                    HEIGHT="257">
            <Shape><Polygon POINTS="405 1331 405 1340 504 1353 507 1353 733 1325 789 1334 792 1334 795 1334 851 1312 854 1312 876 1312 1201 1312 1201 1309 1204 1309 1278 1285 1300 1275 1427 1275 1675 1269 1678 1269 1681 1269 1696 1257 1700 1254 1709 1257 1765 1272 1768 1272 1771 1272 1957 1241 1960 1241 2087 1254 2090 1254 2269 1220 2294 1213 2675 1192 2675 1176 2660 1099 2595 1114 2576 1105 2564 1096 2560 1096 2557 1096 2554 1096 2551 1096 2505 1108 2427 1130 2378 1117 2344 1111 2341 1111 2337 1111 2313 1124 2266 1142 2207 1130 2145 1117 2142 1117 1935 1130 1932 1130 1873 1155 1833 1170 1796 1158 1740 1142 1737 1142 1734 1142 1731 1142 1727 1142 1690 1167 1666 1179 1517 1179 1452 1179 1449 1179 1446 1179 1427 1186 1387 1198 1359 1189 1306 1173 1303 1173 1241 1173 1238 1173 1235 1173 1232 1173 1201 1201 1198 1204 1195 1201 1155 1179 1151 1179 1148 1179 1093 1182 1090 1182 1086 1182 1043 1213 1034 1220 997 1216 929 1207 925 1207 755 1232 699 1241 690 1238 656 1210 653 1210 650 1210 647 1210 594 1213 591 1213 514 1251 507 1254 399 1257 405 1331"/></Shape>
	    <String CONTENT="reponde à mes difficultés. mais une partie de ces inconvenients"
                    HPOS="399"
                    VPOS="1096"
                    WIDTH="2276"
                    HEIGHT="257"></String>
          </TextLine>

          
          
          <TextLine ID="eSc_line_e0494cf4"
                    TAGREFS="LT1406"
                    BASELINE="424 1449 1517 1359 2362 1303 2706 1294" 
                    HPOS="418"
                    VPOS="1179"
                    WIDTH="2288"
                    HEIGHT="285">
            <Shape><Polygon POINTS="2607 1182 2582 1182 2551 1182 2545 1186 2536 1186 2461 1226 2452 1232 2313 1238 2310 1238 2260 1213 2257 1213 2254 1213 2251 1213 2248 1213 2248 1216 2223 1235 2136 1216 2133 1216 2130 1216 2127 1216 2127 1220 2108 1235 2059 1223 2056 1223 2053 1223 2049 1223 2046 1223 1994 1260 1988 1266 1916 1266 1913 1266 1830 1238 1827 1238 1823 1238 1526 1260 1523 1260 1520 1260 1480 1297 1474 1303 1117 1325 1108 1325 1024 1297 1021 1297 1018 1297 1015 1297 870 1337 814 1316 811 1316 808 1316 805 1316 752 1343 684 1322 681 1322 678 1322 675 1322 606 1359 591 1368 418 1371 424 1449 424 1464 2703 1303 2706 1294 2697 1207 2632 1179 2607 1182"/></Shape>
	    <String CONTENT="ne subsisteroit plus pour un libraire de votre ville qui traitteoit"
                    HPOS="418"
                    VPOS="1179"
                    WIDTH="2288"
                    HEIGHT="285"></String>
          </TextLine>

          
          
          <TextLine ID="eSc_line_d756350f"
                    TAGREFS="LT1406"
                    BASELINE="445 1570 1325 1483 2334 1408 2687 1393" 
                    HPOS="436"
                    VPOS="1297"
                    WIDTH="2251"
                    HEIGHT="300">
            <Shape><Polygon POINTS="2629 1297 2598 1297 2585 1297 2564 1316 2542 1331 2406 1340 2390 1331 2378 1319 2375 1319 2372 1319 2368 1319 2365 1319 2362 1319 2344 1334 2334 1343 2310 1337 2223 1316 2220 1316 2217 1316 2214 1316 2211 1316 2155 1353 2149 1356 2142 1353 2096 1328 2093 1328 2090 1328 2087 1328 2084 1328 2084 1331 2056 1356 1997 1334 1994 1334 1991 1334 1802 1350 1799 1350 1746 1374 1542 1371 1539 1371 1535 1371 1464 1412 1455 1418 1350 1427 1334 1424 1251 1396 1247 1396 1244 1396 1241 1396 1176 1418 1124 1405 1120 1405 1117 1405 1114 1405 1012 1452 1006 1455 1003 1452 941 1421 938 1421 935 1421 857 1427 854 1427 737 1477 436 1501 445 1570 445 1585 535 1576 551 1582 597 1597 600 1597 603 1597 761 1563 867 1542 941 1548 1046 1560 1049 1560 1052 1560 1124 1535 1173 1514 1309 1508 1328 1517 1350 1529 1353 1529 1356 1529 1359 1529 1362 1529 1381 1514 1402 1498 1551 1498 1579 1498 1582 1498 1616 1495 1783 1467 1823 1477 1882 1492 1885 1492 1888 1492 2155 1470 2158 1470 2161 1470 2186 1449 2204 1433 2257 1443 2341 1455 2344 1455 2347 1455 2427 1427 2458 1418 2480 1424 2526 1439 2529 1439 2533 1439 2687 1405 2687 1393 2678 1303 2647 1297 2629 1297"/></Shape>
	    <String CONTENT="a vu moi d&#39;une edition, car il seroit difficile d&#39;en faire refluer"
                    HPOS="436"
                    VPOS="1297"
                    WIDTH="2251"
                    HEIGHT="300"></String>
          </TextLine>

          
          
          <TextLine ID="eSc_line_ba29ce12"
                    TAGREFS="LT1406"
                    BASELINE="461 1675 2319 1523 2669 1517" 
                    HPOS="455"
                    VPOS="1427"
                    WIDTH="2214"
                    HEIGHT="288">
            <Shape><Polygon POINTS="461 1675 461 1715 575 1715 579 1715 591 1709 637 1684 684 1700 690 1703 693 1703 696 1703 817 1696 820 1696 854 1687 935 1662 981 1675 1003 1681 1006 1681 1009 1681 1012 1681 1015 1681 1024 1672 1062 1647 1074 1656 1077 1656 1080 1656 1083 1656 1086 1656 1120 1638 1155 1662 1158 1666 1161 1666 1164 1666 1167 1666 1244 1662 1247 1662 1251 1662 1263 1653 1294 1625 1337 1647 1356 1653 1359 1653 1362 1653 1365 1653 1368 1653 1381 1641 1418 1610 1480 1607 1560 1628 1588 1635 1591 1635 1594 1635 1690 1616 1910 1573 2096 1573 2099 1573 2238 1548 2297 1566 2325 1573 2328 1573 2331 1573 2334 1573 2365 1560 2430 1532 2666 1532 2669 1517 2660 1439 2365 1461 2362 1461 2310 1427 2307 1427 2303 1427 2300 1427 2170 1436 2167 1436 2164 1436 2115 1477 2068 1452 2065 1452 2062 1452 2059 1452 2056 1452 2009 1489 1885 1474 1882 1474 1879 1474 1876 1474 1842 1501 1805 1489 1802 1489 1799 1489 1796 1489 1792 1489 1774 1508 1734 1486 1731 1486 1727 1486 1724 1486 1672 1504 1644 1483 1641 1483 1638 1483 1635 1483 1508 1504 1393 1498 1390 1498 1387 1498 1384 1498 1309 1548 1232 1554 1142 1554 1102 1523 1099 1523 1096 1523 1093 1523 1090 1523 997 1560 885 1539 882 1539 699 1563 696 1563 693 1563 644 1600 560 1604 501 1582 498 1582 495 1582 492 1582 489 1582 455 1607 461 1675"/></Shape>
	    <String CONTENT="les exemplaires jusqu&#39;a paris. je paretoit ainsi d&#39;une maniere"
                    HPOS="455"
                    VPOS="1427"
                    WIDTH="2214"
                    HEIGHT="288"></String>
          </TextLine>

          
          
          <TextLine ID="eSc_line_a2654406"
                    TAGREFS="LT1406"
                    BASELINE="467 1786 845 1765 1619 1687 1820 1681" 
                    HPOS="458"
                    VPOS="1585"
                    WIDTH="1362"
                    HEIGHT="229">
            <Shape><Polygon POINTS="467 1786 467 1811 644 1814 647 1814 650 1814 699 1796 715 1789 733 1792 783 1802 786 1802 789 1802 823 1786 857 1771 994 1774 1096 1774 1099 1774 1102 1774 1130 1762 1179 1740 1415 1718 1820 1709 1820 1681 1811 1610 1746 1585 1743 1585 1740 1585 1737 1585 1734 1585 1703 1613 1684 1604 1681 1604 1678 1604 1675 1604 1607 1628 1539 1604 1535 1604 1532 1604 1439 1613 1436 1613 1433 1613 1387 1650 1378 1656 1294 1659 1288 1656 1257 1641 1254 1641 1251 1641 1247 1641 1195 1666 1155 1638 1151 1638 1148 1638 1145 1638 1142 1638 1077 1672 1043 1650 1040 1650 1037 1650 1034 1650 1031 1650 1028 1650 987 1675 922 1659 919 1659 916 1659 913 1659 910 1659 873 1693 863 1703 616 1721 585 1718 486 1703 483 1703 479 1703 476 1703 476 1706 458 1721 467 1786"/></Shape>
	    <String CONTENT="sure aux contrefaçons méridionales."
                    HPOS="458"
                    VPOS="1585"
                    WIDTH="1362"
                    HEIGHT="229"></String>
          </TextLine>

          
          
          <TextLine ID="eSc_line_f8d0149d"
                    TAGREFS="LT1406"
                    BASELINE="461 1910 1919 1768 2359 1734 2712 1721" 
                    HPOS="452"
                    VPOS="1610"
                    WIDTH="2260"
                    HEIGHT="334">
            <Shape><Polygon POINTS="461 1910 464 1938 545 1926 560 1932 588 1944 591 1944 594 1944 597 1944 637 1926 668 1907 1037 1873 1167 1879 1263 1882 1266 1882 1467 1864 1470 1864 1498 1848 1545 1823 1700 1811 1746 1827 1762 1833 1765 1833 1768 1833 1771 1833 1808 1823 1842 1814 1879 1817 1929 1820 1932 1820 1935 1820 1953 1811 2006 1780 2266 1758 2316 1780 2328 1783 2331 1783 2334 1783 2337 1783 2362 1774 2412 1758 2471 1765 2502 1768 2505 1768 2508 1768 2511 1768 2520 1762 2548 1743 2709 1743 2712 1721 2703 1631 2619 1610 2616 1610 2613 1610 2610 1610 2607 1610 2607 1613 2573 1644 2514 1650 2474 1622 2471 1622 2468 1622 2464 1622 2461 1622 2384 1656 2105 1656 2102 1656 2099 1656 2096 1656 2096 1659 2059 1693 2059 1696 2037 1696 1910 1700 1870 1681 1867 1681 1864 1681 1861 1681 1780 1709 1737 1690 1734 1690 1731 1690 1727 1690 1628 1727 1570 1706 1566 1706 1563 1706 1560 1706 1461 1749 1458 1752 1164 1777 1161 1777 1080 1752 1077 1752 1074 1752 959 1762 811 1777 808 1777 727 1817 724 1820 566 1833 526 1808 523 1808 520 1808 517 1808 514 1808 452 1839 461 1910"/></Shape>
	    <String CONTENT="si vous gouttéz mes arrangements, et que vous croyéz que l&#39;une"
                    HPOS="452"
                    VPOS="1610"
                    WIDTH="2260"
                    HEIGHT="334"></String>
          </TextLine>

          
          
          <TextLine ID="eSc_line_552f5248"
                    TAGREFS="LT1406"
                    BASELINE="467 2022 2046 1861 2660 1823" 
                    HPOS="458"
                    VPOS="1727"
                    WIDTH="2202"
                    HEIGHT="326">
            <Shape><Polygon POINTS="2520 1731 2514 1731 2443 1762 2433 1768 2282 1780 2276 1777 2223 1752 2220 1752 2217 1752 1975 1777 1972 1777 1969 1777 1969 1780 1938 1808 1935 1808 1919 1808 1845 1805 1842 1805 1839 1805 1799 1820 1765 1830 1734 1823 1641 1808 1638 1808 1635 1808 1631 1808 1588 1836 1573 1848 1554 1839 1520 1827 1517 1827 1514 1827 1511 1827 1455 1848 1415 1867 1257 1876 1223 1870 1161 1854 1158 1854 1155 1854 1052 1885 984 1904 947 1895 941 1892 938 1892 935 1892 898 1898 774 1923 755 1910 749 1904 746 1904 743 1904 740 1904 619 1907 458 1935 467 2022 470 2053 721 2031 724 2031 737 2028 829 1997 956 2006 984 2006 987 2006 990 2006 1018 2000 1130 1969 1238 1978 1272 1978 1275 1978 1356 1969 1359 1969 1362 1969 1362 1966 1365 1963 1387 1944 1495 1947 1498 1947 1706 1916 1765 1923 1786 1926 1789 1926 1792 1926 1796 1926 1802 1919 1830 1901 1867 1913 1882 1919 1885 1919 1888 1919 1953 1904 2025 1888 2043 1895 2046 1898 2049 1898 2053 1898 2056 1898 2059 1898 2062 1895 2090 1876 2121 1888 2136 1895 2139 1895 2142 1895 2145 1895 2167 1882 2211 1861 2660 1833 2660 1823 2647 1746 2573 1749 2533 1727 2520 1731"/></Shape>
	    <String CONTENT="et l&#39;autre proposition puisse etre acceptée par un libraire"
                    HPOS="458"
                    VPOS="1727"
                    WIDTH="2202"
                    HEIGHT="326"></String>
          </TextLine>

          
          
          <TextLine ID="eSc_line_f6695ec7"
                    TAGREFS="LT1406"
                    BASELINE="470 2121 2629 1913" 
                    HPOS="461"
                    VPOS="1827"
                    WIDTH="2168"
                    HEIGHT="322">
            <Shape><Polygon POINTS="2588 1830 2557 1830 2526 1833 2508 1833 2474 1861 2412 1839 2403 1842 2387 1842 2334 1876 2269 1854 2263 1851 2260 1851 2257 1851 2183 1861 2180 1861 2176 1861 2176 1864 2173 1864 2152 1885 2087 1873 2065 1870 2062 1870 2059 1870 2056 1870 2046 1876 1994 1913 1848 1923 1771 1907 1752 1904 1749 1904 1746 1904 1706 1913 1628 1935 1607 1926 1588 1916 1585 1916 1582 1916 1579 1916 1545 1932 1477 1963 1405 1966 1381 1950 1371 1941 1368 1941 1365 1941 1362 1941 1359 1941 1356 1941 1356 1944 1343 1953 1319 1975 1235 1966 1164 1957 1161 1957 1158 1957 1043 1984 935 2012 867 2006 845 2003 842 2003 839 2003 820 2009 771 2028 752 2019 730 2006 727 2006 724 2006 721 2006 718 2006 718 2009 706 2022 693 2037 616 2043 585 2034 526 2019 523 2019 520 2019 514 2019 461 2043 470 2121 470 2139 597 2149 600 2149 603 2149 653 2130 699 2145 702 2145 706 2145 953 2093 966 2090 984 2090 1319 2087 1322 2087 1446 2046 1449 2046 1480 2062 1483 2062 1486 2062 1489 2062 1579 2037 1631 2056 1635 2056 1638 2056 1641 2056 1768 2025 1876 2031 1879 2031 1882 2031 1885 2031 1929 2000 1988 2022 1991 2022 1994 2022 2207 1972 2220 1972 2235 1972 2437 1972 2440 1972 2443 1972 2446 1972 2480 1950 2529 1969 2533 1969 2536 1969 2539 1969 2629 1932 2629 1913 2616 1827 2588 1830"/></Shape>
	    <String CONTENT="honnete homme, de votre ville, je vous prie d&#39;en traitter"
                    HPOS="461"
                    VPOS="1827"
                    WIDTH="2168"
                    HEIGHT="322"></String>
          </TextLine>

          
          
          <TextLine ID="eSc_line_75ad6f21"
                    TAGREFS="LT1406"
                    BASELINE="486 2238 2697 2009" 
                    HPOS="476"
                    VPOS="1923"
                    WIDTH="2221"
                    HEIGHT="334">
            <Shape><Polygon POINTS="486 2238 486 2257 854 2241 857 2241 891 2223 919 2211 1037 2211 1080 2211 1080 2207 1083 2207 1093 2204 1124 2189 1145 2198 1167 2207 1170 2207 1173 2207 1362 2189 1365 2189 1368 2189 1368 2186 1381 2176 1399 2161 1455 2170 1470 2170 1474 2170 1477 2170 1480 2170 1483 2167 1514 2149 1582 2158 1619 2161 1622 2161 1625 2161 1672 2149 1765 2124 1836 2133 1867 2136 1870 2136 1873 2136 1888 2127 1932 2105 1994 2118 2015 2121 2019 2121 2022 2121 2025 2121 2025 2118 2031 2115 2056 2093 2145 2102 2167 2105 2170 2105 2173 2105 2186 2099 2238 2071 2381 2059 2508 2068 2514 2068 2517 2068 2520 2068 2523 2068 2564 2040 2697 2049 2697 2009 2672 1923 2660 1938 2619 1929 2585 1923 2582 1923 2579 1923 2548 1938 2486 1966 2347 1978 2300 1966 2272 1957 2269 1957 2266 1957 2167 1966 2164 1966 2161 1966 2161 1969 2145 1981 2124 2003 2019 2012 1975 2003 1935 1991 1932 1991 1929 1991 1926 1991 1823 2019 1777 2034 1706 2034 1511 2034 1508 2034 1504 2034 1501 2034 1501 2037 1477 2059 1464 2071 1319 2077 1204 2084 1201 2084 1198 2084 1189 2093 1176 2099 1151 2096 1062 2080 1059 2080 1055 2080 904 2124 879 2130 860 2130 802 2124 798 2124 795 2124 792 2124 792 2127 789 2127 783 2136 746 2118 743 2118 740 2118 737 2118 733 2118 733 2121 702 2145 699 2149 690 2149 554 2133 551 2133 548 2133 476 2170 486 2238"/></Shape>
	    <String CONTENT="avec lui et alors je vous laisserai disposer de mes interests"
                    HPOS="476"
                    VPOS="1923"
                    WIDTH="2221"
                    HEIGHT="334"></String>
          </TextLine>

          
          
          <TextLine ID="eSc_line_bf3ab5ae"
                    TAGREFS="LT1406"
                    BASELINE="495 2350 2065 2180 2703 2127" 
                    HPOS="486"
                    VPOS="2043"
                    WIDTH="2217"
                    HEIGHT="350">
            <Shape><Polygon POINTS="2691 2056 2588 2065 2585 2065 2536 2043 2533 2043 2529 2043 2526 2043 2455 2077 2443 2080 2430 2077 2356 2062 2353 2062 2350 2062 2291 2087 2217 2077 2214 2077 2211 2077 2207 2077 2173 2102 2167 2105 2149 2105 2037 2096 2034 2096 2031 2096 1988 2121 1966 2130 1938 2124 1888 2111 1885 2111 1882 2111 1879 2111 1876 2111 1842 2133 1820 2145 1805 2136 1780 2124 1777 2124 1774 2124 1703 2130 1700 2130 1653 2152 1616 2170 1309 2186 1201 2211 1145 2198 1120 2192 1117 2192 1114 2192 1111 2192 1068 2204 963 2238 733 2260 684 2241 678 2238 675 2238 671 2238 668 2238 656 2241 588 2266 486 2260 495 2350 501 2393 545 2356 625 2344 1043 2316 1093 2328 1105 2331 1108 2331 1111 2331 1114 2331 1139 2322 1244 2291 1316 2303 1359 2313 1362 2313 1467 2300 1470 2300 1474 2300 1492 2285 1545 2248 1700 2238 1774 2257 1780 2257 1783 2257 1786 2257 1789 2257 1805 2254 1845 2238 1876 2245 1919 2254 1923 2254 1926 2254 1978 2232 2186 2226 2189 2226 2192 2226 2211 2207 2251 2176 2424 2186 2443 2186 2446 2186 2449 2186 2458 2183 2489 2167 2511 2176 2539 2189 2542 2189 2545 2189 2598 2183 2601 2183 2604 2183 2604 2180 2622 2164 2638 2152 2700 2155 2703 2127 2691 2056"/></Shape>
	    <String CONTENT="de la maniere que vous me croiréz etre la plus avantageuse"
                    HPOS="486"
                    VPOS="2043"
                    WIDTH="2217"
                    HEIGHT="350"></String>
          </TextLine>

          
          
          <TextLine ID="eSc_line_da1e4dbd"
                    TAGREFS="LT1406"
                    BASELINE="464 2477 1405 2393 1817 2337 2641 2266" 
                    HPOS="455"
                    VPOS="2158"
                    WIDTH="2186"
                    HEIGHT="359">
            <Shape><Polygon POINTS="464 2477 470 2517 610 2483 702 2492 706 2492 709 2492 712 2492 758 2464 947 2468 1006 2468 1009 2468 1012 2468 1015 2468 1024 2458 1052 2437 1229 2437 1272 2437 1275 2437 1278 2437 1303 2430 1347 2418 1368 2424 1405 2430 1408 2430 1412 2430 1415 2430 1430 2415 1458 2393 1492 2409 1498 2412 1501 2412 1504 2412 1508 2412 1511 2412 1517 2406 1557 2381 1845 2356 1888 2368 1938 2381 1941 2381 1944 2381 2241 2353 2245 2353 2248 2353 2279 2325 2288 2319 2310 2322 2334 2328 2337 2328 2341 2328 2362 2319 2387 2303 2570 2291 2579 2294 2601 2307 2604 2307 2607 2307 2610 2307 2613 2307 2641 2288 2641 2266 2625 2158 2430 2220 2387 2198 2384 2198 2381 2198 2378 2198 2375 2198 2375 2201 2334 2238 2269 2248 2115 2257 2003 2223 1975 2217 1972 2217 1969 2217 1966 2217 1935 2232 1901 2248 1870 2238 1839 2229 1836 2229 1833 2229 1830 2229 1777 2248 1771 2251 1755 2238 1752 2238 1749 2238 1746 2238 1498 2260 1495 2260 1492 2260 1492 2263 1470 2282 1424 2325 1275 2334 1213 2310 1170 2291 1167 2291 1164 2291 1161 2291 1102 2322 1028 2362 904 2368 870 2347 839 2322 836 2322 833 2322 829 2322 764 2328 761 2328 758 2328 758 2331 724 2362 693 2393 455 2393 464 2477"/></Shape>
	    <String CONTENT="je vous donne, Monsieur, bien de l&#39;embaras. pour moi il"
                    HPOS="455"
                    VPOS="2158"
                    WIDTH="2186"
                    HEIGHT="359"></String>
          </TextLine>

          
          
          <TextLine ID="eSc_line_52993018"
                    TAGREFS="LT1406"
                    BASELINE="479 2598 1644 2468 2616 2387" 
                    HPOS="470"
                    VPOS="2310"
                    WIDTH="2146"
                    HEIGHT="315">
            <Shape><Polygon POINTS="479 2598 479 2625 737 2582 885 2585 919 2585 922 2585 925 2585 953 2579 1015 2560 1043 2567 1049 2570 1052 2570 1055 2570 1059 2570 1062 2570 1062 2567 1065 2567 1086 2545 1145 2557 1167 2560 1170 2560 1173 2560 1176 2560 1176 2557 1182 2551 1204 2533 1241 2545 1257 2551 1260 2551 1263 2551 1266 2551 1300 2539 1359 2520 1390 2529 1408 2536 1412 2536 1415 2536 1418 2536 1421 2536 1433 2526 1461 2508 1523 2514 1573 2520 1576 2520 1579 2520 1582 2520 1582 2517 1594 2508 1610 2489 1700 2483 1721 2492 1740 2502 1743 2502 1746 2502 1749 2502 1789 2486 1830 2471 1854 2480 1879 2489 1882 2489 1885 2489 1888 2489 1892 2489 1892 2486 1907 2474 1919 2458 2068 2452 2074 2455 2093 2468 2096 2468 2099 2468 2102 2468 2105 2468 2198 2440 2238 2430 2254 2437 2276 2443 2279 2443 2282 2443 2285 2443 2313 2427 2325 2421 2542 2403 2548 2403 2585 2415 2588 2415 2591 2415 2595 2415 2598 2415 2616 2396 2616 2387 2604 2310 2245 2325 2241 2325 2238 2325 2238 2328 2217 2350 2207 2356 2158 2356 2087 2353 2084 2353 2080 2353 2015 2368 1984 2378 1972 2375 1950 2365 1947 2365 1944 2365 1786 2393 1718 2406 1700 2403 1628 2387 1625 2387 1622 2387 1542 2418 1526 2424 1501 2424 1359 2415 1356 2415 1353 2415 1232 2452 1220 2455 1213 2455 1164 2433 1161 2433 1158 2433 1155 2433 1096 2464 1093 2468 1090 2468 1040 2446 1037 2446 1034 2446 1031 2446 975 2477 950 2458 947 2458 944 2458 941 2458 755 2474 752 2474 659 2511 575 2495 572 2495 569 2495 470 2529 479 2598"/></Shape>
	    <String CONTENT="est naturel que j&#39;en prenne un peu, mais je puis vous"
                    HPOS="470"
                    VPOS="2310"
                    WIDTH="2146"
                    HEIGHT="315"></String>
          </TextLine>

          
          
          <TextLine ID="eSc_line_9dbe6164"
                    TAGREFS="LT1406"
                    BASELINE="476 2709 681 2694 1117 2629 2093 2548 2712 2471" 
                    HPOS="467"
                    VPOS="2378"
                    WIDTH="2245"
                    HEIGHT="365">
            <Shape><Polygon POINTS="2474 2399 2471 2399 2427 2403 2406 2406 2375 2409 2344 2412 2313 2415 2303 2415 2300 2415 2297 2415 2288 2424 2238 2461 2186 2440 2183 2440 2180 2440 2176 2440 2173 2440 2173 2443 2142 2474 1994 2483 1957 2461 1941 2452 1938 2452 1935 2452 1932 2452 1929 2452 1926 2452 1910 2468 1870 2502 1656 2520 1610 2508 1607 2508 1604 2508 1600 2508 1557 2529 1514 2511 1480 2499 1477 2499 1474 2499 1319 2536 1288 2542 1285 2539 1263 2523 1260 2523 1257 2523 1254 2523 1173 2529 1170 2529 1167 2529 1130 2557 1117 2567 1093 2560 1018 2545 1015 2545 1012 2545 1009 2545 969 2576 944 2591 888 2585 863 2582 860 2582 857 2582 823 2591 789 2601 774 2598 712 2582 709 2582 706 2582 702 2582 699 2582 659 2610 641 2625 467 2632 476 2709 479 2743 668 2703 721 2718 727 2721 730 2721 733 2721 836 2709 839 2709 842 2709 842 2706 845 2706 867 2684 919 2697 941 2700 944 2700 1096 2684 1099 2684 1102 2684 1102 2681 1111 2675 1139 2644 1195 2638 1439 2635 1443 2635 1446 2635 1470 2616 1514 2629 1545 2638 1548 2638 1551 2638 1638 2625 1641 2625 1644 2625 1659 2613 1687 2588 1827 2579 1854 2588 1895 2604 1898 2604 1901 2604 1991 2595 1994 2595 1997 2595 2025 2570 2028 2567 2034 2570 2077 2585 2080 2585 2084 2585 2087 2585 2158 2554 2183 2545 2226 2548 2263 2548 2266 2548 2269 2548 2297 2539 2331 2526 2387 2526 2570 2536 2573 2536 2576 2536 2579 2536 2579 2533 2610 2502 2712 2489 2712 2471 2697 2378 2641 2381 2638 2381 2635 2381 2632 2384 2576 2421 2486 2399 2474 2399"/></Shape>
	    <String CONTENT="assurer que je fais tant de cas du Repos, et de la tranquilité"
                    HPOS="467"
                    VPOS="2378"
                    WIDTH="2245"
                    HEIGHT="365"></String>
          </TextLine>

          
          
          <TextLine ID="eSc_line_a5415675"
                    TAGREFS="LT1406"
                    BASELINE="498 2821 1935 2672 2660 2579" 
                    HPOS="489"
                    VPOS="2495"
                    WIDTH="2171"
                    HEIGHT="372">
            <Shape><Polygon POINTS="2204 2536 2118 2564 2111 2564 2105 2564 2012 2557 2009 2557 2006 2557 2003 2557 2003 2560 1981 2579 1960 2604 1783 2622 1734 2610 1684 2598 1681 2598 1678 2598 1675 2598 1672 2598 1672 2601 1650 2622 1631 2638 1566 2632 1439 2619 1436 2619 1433 2619 1430 2619 1430 2622 1427 2622 1415 2638 1384 2629 1381 2629 1378 2629 1374 2629 1371 2629 1331 2660 1316 2675 1179 2687 1117 2687 870 2681 867 2681 863 2681 743 2734 737 2737 616 2749 554 2756 520 2743 517 2743 514 2743 510 2743 507 2743 489 2756 498 2821 501 2867 594 2855 597 2855 600 2855 641 2821 724 2842 733 2845 737 2845 740 2845 808 2836 811 2836 814 2836 814 2833 817 2833 857 2796 1077 2799 1164 2799 1167 2799 1170 2799 1173 2799 1192 2783 1232 2752 1309 2743 1573 2725 1591 2734 1613 2749 1616 2749 1619 2749 1622 2749 1625 2749 1768 2712 1827 2697 1845 2703 1901 2718 1904 2718 1907 2718 1910 2718 1913 2718 1913 2715 1941 2691 1947 2684 1997 2684 2056 2684 2056 2681 2059 2681 2062 2681 2074 2672 2090 2663 2118 2669 2170 2678 2173 2678 2176 2678 2229 2653 2251 2644 2282 2647 2316 2650 2319 2650 2322 2650 2368 2635 2393 2629 2406 2632 2474 2656 2477 2656 2480 2656 2483 2656 2576 2610 2579 2607 2660 2598 2660 2579 2647 2499 2585 2495 2582 2495 2579 2495 2576 2495 2564 2508 2523 2539 2449 2520 2415 2514 2412 2514 2353 2520 2350 2520 2347 2520 2328 2536 2307 2554 2263 2545 2214 2536 2211 2536 2204 2536"/></Shape>
	    <String CONTENT="que si j&#39;avois acquis seulement un petit toit champetre,"
                    HPOS="489"
                    VPOS="2495"
                    WIDTH="2171"
                    HEIGHT="372"></String>
          </TextLine>

          
          
          <TextLine ID="eSc_line_ee7e4bdc"
                    TAGREFS="LT1406"
                    BASELINE="517 2920 1570 2817 2694 2684" 
                    HPOS="507"
                    VPOS="2588"
                    WIDTH="2187"
                    HEIGHT="356">
            <Shape><Polygon POINTS="2381 2616 2353 2619 2341 2619 2319 2622 2291 2629 2285 2629 2269 2638 2232 2660 2207 2647 2195 2641 2183 2641 2183 2644 2173 2650 2149 2675 2102 2660 2084 2653 2074 2656 2046 2656 2037 2669 2003 2694 1978 2675 1969 2666 1953 2672 1932 2672 1923 2681 1901 2697 1854 2691 1814 2684 1799 2687 1768 2691 1755 2691 1740 2706 1715 2725 1644 2718 1641 2718 1638 2718 1635 2718 1520 2752 1449 2752 1427 2743 1387 2728 1368 2731 1337 2734 1306 2737 1275 2743 1244 2746 1216 2746 1189 2774 1170 2790 1093 2796 1046 2793 913 2777 904 2780 879 2780 842 2817 820 2808 817 2808 814 2808 811 2808 808 2808 808 2811 805 2811 795 2824 789 2830 637 2845 631 2845 588 2827 585 2827 582 2827 579 2827 507 2858 517 2920 517 2932 702 2923 752 2944 755 2944 758 2944 826 2935 829 2935 833 2935 873 2901 1127 2904 1130 2904 1133 2904 1220 2867 1322 2882 1325 2882 1328 2882 1331 2882 1378 2845 1514 2839 1551 2858 1554 2858 1557 2858 1783 2833 1786 2833 1789 2833 1817 2814 1895 2821 1898 2821 1901 2821 1904 2821 1960 2783 2096 2799 2099 2799 2102 2799 2183 2756 2189 2752 2279 2746 2337 2771 2341 2771 2344 2771 2347 2771 2350 2771 2393 2734 2691 2700 2694 2684 2681 2588 2604 2591 2601 2591 2582 2601 2486 2644 2427 2619 2412 2613 2381 2616"/></Shape>
	    <String CONTENT="et un jardin, j&#39;abandonnerois, &lt; cette &gt; toutte les espérances de"
                    HPOS="507"
                    VPOS="2588"
                    WIDTH="2187"
                    HEIGHT="356"></String>
          </TextLine>

          
          
          <TextLine ID="eSc_line_52800c75"
                    TAGREFS="LT1406"
                    BASELINE="517 3028 2065 2873 2700 2787" 
                    HPOS="504"
                    VPOS="2700"
                    WIDTH="2196"
                    HEIGHT="368">
            <Shape><Polygon POINTS="1520 2824 1489 2827 1458 2830 1430 2833 1399 2836 1368 2839 1337 2842 1334 2842 1306 2864 1272 2848 1244 2852 1213 2855 1182 2858 1161 2858 1161 2861 1108 2904 910 2898 907 2898 904 2898 901 2898 854 2932 758 2944 715 2944 656 2913 653 2913 650 2913 504 2926 517 3028 523 3068 594 3037 848 3022 851 3022 969 2991 1189 2991 1204 2991 1204 2988 1207 2988 1213 2988 1331 2954 1393 2966 1436 2972 1439 2972 1443 2972 1520 2951 1529 2948 1545 2960 1548 2960 1551 2960 1554 2960 1758 2938 1762 2938 1765 2938 1765 2935 1786 2920 1799 2904 1916 2904 2176 2895 2180 2895 2183 2895 2223 2867 2226 2864 2232 2864 2257 2873 2260 2873 2263 2873 2384 2845 2409 2842 2418 2842 2495 2861 2499 2861 2502 2861 2579 2824 2591 2817 2697 2808 2700 2787 2684 2700 2616 2706 2613 2706 2610 2706 2610 2709 2570 2746 2440 2728 2437 2728 2433 2728 2313 2780 2077 2799 1969 2774 1966 2774 1963 2774 1960 2774 1957 2774 1870 2827 1669 2845 1535 2821 1520 2824"/></Shape>
	    <String CONTENT="fortune. je me hate de faire ma moisson, avant que le"
                    HPOS="504"
                    VPOS="2700"
                    WIDTH="2196"
                    HEIGHT="368"></String>
          </TextLine>

          
          
          <TextLine ID="eSc_line_1a16917a"
                    TAGREFS="LT1406"
                    BASELINE="517 3133 1275 3062 1412 3037 2189 2978 2567 2935 2703 2935" 
                    HPOS="510"
                    VPOS="2842"
                    WIDTH="2193"
                    HEIGHT="344">
            <Shape><Polygon POINTS="898 2991 854 3022 755 3006 752 3006 743 3006 690 3047 613 3050 572 3031 569 3031 566 3031 563 3031 526 3050 510 3090 517 3133 520 3161 613 3158 681 3186 684 3186 687 3186 690 3186 842 3140 891 3158 894 3158 898 3158 901 3158 1003 3121 1018 3115 1028 3118 1077 3133 1080 3133 1083 3133 1086 3133 1151 3109 1216 3127 1220 3127 1223 3127 1226 3127 1229 3127 1263 3096 1269 3090 1371 3084 1402 3084 1656 3096 1659 3096 1662 3096 1693 3081 1752 3093 1755 3093 1969 3074 1972 3074 2071 3025 2077 3022 2080 3025 2102 3034 2105 3034 2108 3034 2111 3034 2170 3019 2241 3050 2245 3050 2248 3050 2251 3050 2254 3050 2291 3028 2458 3031 2461 3031 2464 3031 2564 2982 2573 2975 2703 2966 2703 2935 2694 2867 2616 2842 2613 2842 2610 2842 2607 2842 2514 2879 2477 2855 2474 2855 2471 2855 2468 2855 2319 2867 2316 2867 2207 2910 2105 2901 2102 2901 2099 2901 2059 2917 2003 2895 2000 2895 1997 2895 1783 2913 1780 2913 1675 2960 1470 2969 1436 2948 1433 2948 1430 2948 1427 2948 1424 2948 1421 2948 1421 2951 1387 2985 1312 2988 1266 2960 1263 2960 1260 2960 1257 2960 1254 2960 1251 2960 1251 2963 1216 2991 1155 2988 1151 2988 1148 2988 1145 2988 1111 3009 959 3019 916 2991 913 2991 910 2991 907 2991 898 2991"/></Shape>
	    <String CONTENT="tems des persecutions vienne, suivant l&#39;usage. plus j&#39;ai raison"
                    HPOS="510"
                    VPOS="2842"
                    WIDTH="2193"
                    HEIGHT="344"></String>
          </TextLine>

          
        </TextBlock>
        

        
      </PrintSpace>
    </Page>
  </Layout>
</alto>
