2837 3773
242 204 254 195 Sire

169 515 2400 201 l'Arrest qui a été ce matin rendu sur notre

122 685 2479 226 affaire porte des carractéres si singuliers q̃ ñ avons

113 858 2588 233 cru pouvoir oser supplier < V M > la patience et la bonté de

103 1002 2501 246 V M de trouver bon q̃ ñ eussions l'honneur de luy en

94 1197 1459 167 rendre compte par ce petit escrit

125 1351 2605 233 Ñ. commencerons par ñ déspoüiller des 1.^r mouvem̃t dont

97 1562 2551 179 < ceux qui croyent a > ne peuvent eschapper ceux qui sont

97 1682 2626 210 vivem̃. persuadés d'un tort considérable qui leur a ésté fait

81 1848 2504 198 et ñ demanderons a V M la grace de lire cet éscrit non

88 1980 2553 211 cõe une plainte, mais cõe un soulagem̃. q̃ ñ ñ donnons en

84 2109 2583 239 l'instruisant de ce qui nous touche si sensiblem̃ ; moins encor

72 2279 2434 160 cõe une censure aigre contre des personnes desquelles ñ ne

78 2421 2450 150 croyons pas ñ devoir loüer, mais cõe un recit exactem̃.

66 2518 1997 195 conforme a la vérité la plus scrupuleuse

103 2688 2243 163 Ce Matin Sire, les juges <> au nombre de

56 2839 2513 176 sont entrés peu avant 9 h en leur Tribunal apprarem̃.

56 2983 2585 208 instruits des desirs q̃ il y a si longtemps q̃ M̃. le PP ne se donne

56 3159 2589 183 pas mesme la peine de ñ cacher contre nos intérests. et

59 3282 2516 226 le Magistrat des 5h et demie seul dans la Gr̃d Chambre a

47 3452 2598 298 eu < tout > loisir de < les > leur en raffraischir la memoire les ayant

1361 94 54 166 +

2487 207 154 119 22
