2814 3770
100 109 1638 142 attendu et veus tous entrer un a un.

110 267 2603 169 M̃. l'Advocat G.^l Daguessau a continué avec une force et

106 420 2607 173 une éloquence q̃ tous les auditeurs en nombre prodigieux ont

113 584 2411 166 unanimement admirée, le beau plaidoyer qu'il avoit

110 747 2619 157 commencé hier. il avoit ce jour la rapporté avec une memoire

113 885 2631 167 et une exactitude infinie touctes les raisons de part et d'autre

122 1052 2597 154 et avoit si bien reussi a les mettre dans un jour é< t >gal q̃ on

128 1206 2522 135 ne put pénétrer du tout ce qu'il pensoit. aujourdhuy il

122 1335 2547 194 s'est expliqué et < a > p.^r ñ. il a si fortem̃. combatu et ñ

141 1504 2487 173 osons ṽ l'avançer avec la voix du public, terrassé les

141 1671 2540 173 raisons de notre partie par les notres, par notre Droict

141 1844 2506 157 par le Droict commun et Public, q̃ chascun ñ a donné

138 2016 2525 142 guain de cause. il a fait plus Sire, il a été tellem̃.

144 2174 2475 153 convaincu q̃ V M y estoit interessée q̃ il a non seulem̃.

144 2327 2603 161 conclu, mais requis et demandé en termes exprés et formels

172 2478 2453 195 q̃ M̃. de Luxembourg ne fut point reç<>u<>, et cõe par

157 2654 2568 167 commiserãon p̃. son estat et p̃. son nom, q̃ il fut sursis au

160 2814 2591 167 jugem̃. de sa reception, jusq̃ a ce q V. M. eust expliqué plus

188 2978 2569 151 clairem̃. ses intentions et ses ordres sur la diversité qu'il semble

169 3138 2563 145 se trouver dans les lettres de 1662 et la déclaraõn de 1676

169 3292 2544 151 émanées de VM. et quand a l'ancienne érection de Piney

172 3436 2569 167 il a conclu p̃. son éxtinction a cause des monstrueuses conséquences
