2243 3498
399 830 1027 94 un nuage a passé sur notre amitié pure ;

393 918 913 99 un mot dit en colère, une parole dure

405 1011 1009 96 a froissé votre cœur, et vous a fait penser

414 1104 1064 105 qu'un jour mes sentiments se pourraient effacer ;

431 1200 1033 120 pour la première fois, Vous, prudente et si sage,

443 1303 1056 116 vous avez cru prévoir comme dans un présage

457 1413 1120 105 qu'avant mon lit de mort, mon amitié pour vous,

455 1509 1149 123 oui, Madame, pour vous et votre illustre époux,

460 1611 977 129 amitié que je porte et si fière et si haute,

472 1722 1059 129 pourrait un jour sécher et périr par ma faute.

472 1821 1094 134 Doute amer ! votre cœur l'a sans crainte abordé ;

492 1941 1042 128 vous en avez souffert, mais vous l'avez gardé ;

492 2031 1100 140 et tantôt là-dessus, triste et d'un Ton de blâme,

516 2127 1059 126 vous avez dit ces mots qui m'ont pénétré l'âme :

507 2250 1085 119 « En cette vie, hélas ! n'en n'est constant et sûr ;

516 2329 1166 142 « le ver se glisse au fruit, dès que le fruit est mûr ;

519 2422 1123 131 « l'amitié se corrompt ; tout est rêve et chimère ;

545 2527 1070 122 « on n'a pour vrais amis que son père et sa mère,

557 2614 1093 149 « son mari, ses enfants, et Dieu par dessus tous.

548 2710 1070 126 « Quant à ces autres biens qu'on estime si doux,

539 2795 1152 140 « s'entr'aider, se chérir, croire à des cœurs fidèles,

539 2894 966 131 « voir en des yeux amis briller des étincelles,

542 2973 1164 151 « ce sont de faux semblants auxquels je n'ai plus foi ;

554 3072 1018 146 « la vie en une foule où chacun tire à soi. »

574 3171 1082 152 Oui, vous avez dit vrai ; l'amitié n'est pas sûre ;

583 3273 1085 146 mais en me le disant, pourquoi me faire injure ?

1881 291 93 64 30
