2252 3431
486 345 1010 106 pourquoi, lorsqu'ici bas à l'ennui condamné,

500 440 1062 108 las de soi-même on s'est à quelque autre donné ;

503 540 1073 103 qu'en cet autre on a mis son âme et sa tendresse,

506 634 993 135 ses foyers, son orgueil et toute sa jeunesse ;

523 740 844 117 qu'assis sur le tillac, à demi défaille,

537 852 971 82 comme un pauvre nageur en passant recueilli,

549 923 1073 114 on a juré de suivre aux mers les plus profondes

549 1020 996 92 le noble pavillon qui nous sauva des ondes.

555 1092 1116 114 lorsqu'autre part qu'en nous notre espoir refleurit ;

563 1172 1110 123 lorsque pour l'être aimé, pour tous ceux qu'il chérit,

569 1263 1145 129 pour leur salut, leur gloire ou pour leur moindre envie,

575 1358 984 125 à toute heure on est prêt à dépenser sa vie ;

589 1446 890 129 pourquoi venir alors nous dire que la foi

595 1529 1159 146 est morte aux cœurs humains ; que chacun tire à soi ;

603 1626 999 135 qu'entre les amitiés aucune n'est durable,

612 1715 961 140 et pour un tort léger parler d'irréparable ?

615 1827 958 128 L'irréparable, hélas ! Savez-vous ce que c'est,

629 1904 996 134 vous que le Ciel bénit ? Malheur à qui le sait !

626 2001 982 143 une fille à quinze ans, fraîche, belle, parée,

632 2112 953 132 et tout d'un coup varie à sa mère éplorée ;

635 2210 907 123 un père moribond, et que le froid raidit

643 2284 1062 131 avant qu'il ait dit grâce au fils qu'il a maudit ;

652 2390 930 111 une vierge séduite et puis abandonnée,

652 2470 921 137 un souvenir sanglant dans notre destinée,

669 2564 962 115 un remords étalé sur un front endormi,

672 2653 1084 131 quelque mortel outrage à l'honneur d'un ami ;

669 2739 1073 145 voilà l'irréparable ! et ce seul mot nous brise ;

678 2842 1010 128 mais aux coups plus légers le cœur se cicatrise ;

689 2922 1185 145 et quand on vit, qu'on s'aime, et que l'un a pleuré,

689 3027 964 152 on pardonne, on oublie et tout est réparé.

1513 3145 346 114 Sainte Beuve.

1940 160 68 117 31
