4467 5489
778 919 1849 133 a toute la ville pour un habile homme. C'est la que cette si belle

764 1020 1835 137 chienne d'Oudri qui decore a droite notre synagogue attendoit Le

759 1111 1927 128 Baron notre ami. Jusqu'a lui, personne ne l'avoit regardée. personne

759 1193 1872 142 n'en avoit senti le merite, et l'artiste etoit desolé. mais, mon ami,

746 1285 1899 137 ne nous refusons pas au recit des procedés honnetes. cela vaut encore

741 1390 1904 137 mieux que La critique ou l'eloge d'un tableau. Le Baron voit cette

741 1495 1904 142 chienne, L'achete, et a l'instant voila tous ces dedaigneur Amateurs

741 1587 1886 137 furieux et jaloux. on vient ; on l'obsede ; on lui propose deux fois le

732 1683 1895 151 prix de son tableau. Le Baron va trouver l'artiste et lui demande

723 1793 1908 119 La permission de ceder sa chienne, a son profit. non, monsieur. non,

727 1884 1904 137 lui dit l'artiste. je suis trop heureux que mon meilleur ouvrage reste a

732 1976 1945 141 un homme qui en connoit le prix. je ne consens a rien. je n'accepterai rien ;

727 2090 1913 128 et ma chienne vous restera. ah, mon ami, La maudite race que

723 2186 1945 160 celle des amateurs. il faut que je m'en explique et que je me soulage

727 2282 1904 169 puis que j'en ai l'occasion #. ce sont ces gens la qui decident a tort et

736 2378 1868 160 a travers des reputations ; qui ont pensé faire mourir greuze de

723 2460 1931 188 douleur et de faim ; qui ont des galeries qui ne leur coutent gueres ;

723 2593 1904 146 des Lumieres ou plutot des pretentions qui ne Leur coutent rien ; qui

709 2685 1899 160 s'Interposent entre L'homme opulent et L'artiste indigent ; qui

709 2785 1881 165 font payer au talent La protection qu'ils Lui accordent ; qui lui

709 2900 1867 155 ouvrent ou ferment Les portes ; qui se servent du besoin qu'il en a

713 2991 1900 188 pour disposer de son tems ; qui Le mettent a Contribution ; qui lui

704 3073 2119 197 arrachent a vil prix ses meilleures productions ; qui sont a l'affut, embusqué

773 3229 101 91 riere

709 3201 1881 174 der- son chevalet ; qui l'ont condamné secretement a la mendicite

709 3316 1858 187 pour le tenir esclave et dependant ; qui prechent sans cesse La

704 3416 1909 179 modicite de fortune Comme un aiguillon necessaire a l'artiste et a

709 3531 1876 160 L'homme de lettres, parce que si La fortune se reunissoit une fois

718 3668 1872 137 aux talents, et aux Lumieres, ils ne seroient plus rien ; qui decrient

718 3764 1877 233 et ruinent Le peintre et le statuaire, s'il a de la hauteur et qu'il dedaigne

3039 965 91 128 3.

2727 2245 417 188 # elle commence a

2714 2268 466 165 s'eteindre ici, ou elle

2691 2328 494 128 n'a que trop duré et

2700 2396 380 142 fait trop de mal.
