4467 5633
3034 1187 42 103 1.

2686 1056 625 211 N. a. fr. 15680.

1465 1079 601 136 Le Sallon de 1767

1287 1140 1103 164 adressé a Mon ami M.^r Grimm.

892 1290 1837 122 Ne vous attendez pas, mon ami, que je sois aussi riche, aussi

859 1384 1837 127 varié, aussi sage, aussi fou, aussi fecond cette fois que j'ai pu

845 1473 1846 113 l'être aux sallons précédents. tout s'epuise. Les artistes varieront

836 1539 1850 155 Leurs compositions a l'Infini ; mais Les regles de l'art, ses principes

826 1642 1795 118 et Leurs applications resteront ternis. peut etre avec de nouvelles

822 1713 1897 141 Connoissances acquises, d'autres secours, Le choix d'une forme originale

822 1802 1883 136 reussirois je a conserver Le charme de l'Interet a une matiere usée.

822 1887 1930 145 mais je n'ai rien acquis ; j'ai perdu falconnet, et La forme originale

817 1980 1836 151 depend d'un moment qui n'est pas venu. Supposez moi de retour

807 2070 1898 164 d'un voyage d'italie, et L'imagination pleine des chefs-d'œuvre que

798 2187 1855 155 La peinture ancienne a produits dans cette contrée. faites que les

803 2286 1822 126 ouvrages des ecoles flamandes et francoises me soient familiers.

803 2365 1869 155 obtenez des personnes opulentes auxquelles vous destinez mes cahiers,

803 2469 1822 150 L'ordre ou la permission de faire prendre des Esquisses de tous les

798 2563 1987 164 morceaux dont j'aurai a les entretenir ; et je vous reponds d'un sallon

789 2670 1846 151 tout nouveau. les artistes des siecles passés mieux connus, je

793 2760 1889 169 raporterois La maniere et Le faire d'un moderne, au faire et a la

784 2872 1879 155 maniere de quelqu'ancien La plus analogue a la sienne, et vous

784 2971 1888 141 auriez tout de suite une idée plus precise de la couleur, du stile,

779 3069 1907 165 et du clair-obscur. S'il y avoit une ordonnance, des Incidents, une

775 3177 1860 169 figure, une tete, un caractere, une expression empruntée de

779 3281 1865 141 raphael, des carraches, du titien ou d'un autre, je reconnoitrois

770 3370 1874 160 Le plagiat, et je vous Le denoncerois. une esquisse, je ne dis pas

779 3483 1860 183 faite avec esprit, et qui seroit mieux pourtant, mais un simple

765 3595 1860 150 croquis suffiroit pour vous indiquer la disposition generale, Les

765 3699 1888 173 Lumieres, Les ombres, La position des figures, Leur action, Les masses,

789 3806 1836 212 Les grouppes, cette Ligne de Liaison qui s< er >pente et enchaine
