<?xml version="1.0" encoding="UTF-8"?>
<alto xmlns:xsi="http://www.w3.org/2001/XMLSchema-instance"
      xmlns="http://www.loc.gov/standards/alto/ns-v4#"
      xsi:schemaLocation="http://www.loc.gov/standards/alto/ns-v4# http://www.loc.gov/standards/alto/v4/alto-4-2.xsd">
  <Description>
    <MeasurementUnit>pixel</MeasurementUnit>
    <sourceImageInformation>
      <fileName>7_79565_default.jpg</fileName>
      <fileIdentifier>https://gallica.bnf.fr/iiif/ark:/12148/btv1b10084266f/f8/full/full/0/default.jpg</fileIdentifier>
    </sourceImageInformation>
  </Description>
  
  <Tags>
    <OtherTag ID="BT4257" LABEL="StampZone" DESCRIPTION="block type StampZone"/><OtherTag ID="BT4255" LABEL="MarginTextZone" DESCRIPTION="block type MarginTextZone"/><OtherTag ID="BT4254" LABEL="MainZone" DESCRIPTION="block type MainZone"/><OtherTag ID="BT4256" LABEL="NumberingZone" DESCRIPTION="block type NumberingZone"/>
    <OtherTag ID="LT1403" LABEL="HeadingLine" DESCRIPTION="line type HeadingLine"/><OtherTag ID="LT1402" LABEL="DefaultLine" DESCRIPTION="line type DefaultLine"/>
  </Tags>
  
  <Layout>
    <Page WIDTH="4467"
          HEIGHT="5713"
          PHYSICAL_IMG_NR="7"
          ID="eSc_dummypage_">
      <PrintSpace HPOS="0"
                  VPOS="0"
                  WIDTH="4467"
                  HEIGHT="5713">
        
        <TextBlock HPOS="1741"
                   VPOS="1104"
                   WIDTH="1925"
                   HEIGHT="2890"
                   ID="eSc_textblock_b12a9f96"
                   TAGREFS="BT4254">
          <Shape><Polygon POINTS="1755 1175 1891 1144 3004 1104 3628 1123 3666 3937 1771 3994 1741 2414"/></Shape>
          
          
          <TextLine ID="eSc_line_67edecd1"
                    TAGREFS="LT1402"
                    BASELINE="1796 1216 2575 1197 3609 1171" 
                    HPOS="1790"
                    VPOS="1109"
                    WIDTH="1815"
                    HEIGHT="133">
            <Shape><Polygon POINTS="3505 1118 3457 1114 3409 1114 3362 1114 3314 1114 3285 1109 1914 1142 1885 1147 1838 1156 1790 1166 1795 1214 1795 1242 3605 1190 3605 1166 3590 1118 3552 1118"/></Shape>
	    <String CONTENT="Les differentes parties de la composition ; vous Liriez ma description,"
                    HPOS="1790"
                    VPOS="1109"
                    WIDTH="1815"
                    HEIGHT="133"></String>
          </TextLine>

          
          
          <TextLine ID="eSc_line_bd974ba0"
                    TAGREFS="LT1402"
                    BASELINE="1757 1294 3585 1256" 
                    HPOS="1752"
                    VPOS="1190"
                    WIDTH="1833"
                    HEIGHT="133">
            <Shape><Polygon POINTS="1757 1294 1757 1323 3585 1294 3585 1256 3571 1190 1752 1228 1757 1294"/></Shape>
	    <String CONTENT="et vous auriez ce croquis sous les yeux ; et m&#39;epargneroit beaucoup"
                    HPOS="1752"
                    VPOS="1190"
                    WIDTH="1833"
                    HEIGHT="133"></String>
          </TextLine>

          
          
          <TextLine ID="eSc_line_da9ab587"
                    TAGREFS="LT1402"
                    BASELINE="1757 1375 3538 1342" 
                    HPOS="1752"
                    VPOS="1275"
                    WIDTH="1786"
                    HEIGHT="134">
            <Shape><Polygon POINTS="2847 1275 2800 1275 2752 1275 2704 1275 2657 1280 2609 1280 2562 1280 2514 1280 2504 1280 2500 1280 2485 1299 2476 1299 2400 1285 2371 1285 2347 1285 2266 1304 2252 1304 2233 1304 2062 1290 2038 1290 1990 1290 1981 1290 1971 1309 1971 1313 1752 1313 1757 1375 1757 1409 3533 1366 3538 1342 3528 1275 2895 1275 2847 1275"/></Shape>
	    <String CONTENT="de mots, et vous entendriez davantage. nous retirerons encore"
                    HPOS="1752"
                    VPOS="1275"
                    WIDTH="1786"
                    HEIGHT="134"></String>
          </TextLine>

          
          
          <TextLine ID="eSc_line_636bb50a"
                    TAGREFS="LT1402"
                    BASELINE="1762 1466 3585 1418" 
                    HPOS="1757"
                    VPOS="1337"
                    WIDTH="1828"
                    HEIGHT="172">
            <Shape><Polygon POINTS="3519 1347 3471 1347 3424 1347 3376 1347 3328 1347 3281 1352 3233 1352 3185 1352 3147 1352 1757 1394 1762 1466 1762 1509 3585 1466 3585 1418 3571 1337 3519 1337 3519 1347"/></Shape>
	    <String CONTENT="quelquefois des greniers de notre ami ces immenses porte-feuilles d&#39;"
                    HPOS="1757"
                    VPOS="1337"
                    WIDTH="1828"
                    HEIGHT="172"></String>
          </TextLine>

          
          
          <TextLine ID="eSc_line_ae7cfb1e"
                    TAGREFS="LT1402"
                    BASELINE="1757 1552 3624 1509" 
                    HPOS="1752"
                    VPOS="1447"
                    WIDTH="1872"
                    HEIGHT="133">
            <Shape><Polygon POINTS="1757 1552 1757 1580 3624 1537 3624 1509 3609 1447 1752 1466 1757 1552"/></Shape>
	    <String CONTENT="estampes abandonnez aux rats, et nous les feuilleterons ; mais qu&#39;est"
                    HPOS="1752"
                    VPOS="1447"
                    WIDTH="1872"
                    HEIGHT="133"></String>
          </TextLine>

          
          
          <TextLine ID="eSc_line_8368352e"
                    TAGREFS="LT1402"
                    BASELINE="1757 1647 3576 1599" 
                    HPOS="1752"
                    VPOS="1532"
                    WIDTH="1824"
                    HEIGHT="129">
            <Shape><Polygon POINTS="2323 1542 2276 1542 2233 1542 1752 1575 1757 1647 1757 1661 3576 1637 3576 1599 3562 1532 2400 1556 2323 1542 2323 1542"/></Shape>
	    <String CONTENT="ce qu&#39;une estampe en comparaison d&#39;un tableau ? Connoit-on"
                    HPOS="1752"
                    VPOS="1532"
                    WIDTH="1824"
                    HEIGHT="129"></String>
          </TextLine>

          
          
          <TextLine ID="eSc_line_54fe1fc5"
                    TAGREFS="LT1402"
                    BASELINE="1766 1737 3605 1680" 
                    HPOS="1762"
                    VPOS="1618"
                    WIDTH="1843"
                    HEIGHT="162">
            <Shape><Polygon POINTS="1766 1737 1766 1780 3605 1723 3605 1680 3590 1618 1762 1652 1766 1737"/></Shape>
	    <String CONTENT="virgile, homere, quand on a lu desfontaines ou Bitobé. pour ce"
                    HPOS="1762"
                    VPOS="1618"
                    WIDTH="1843"
                    HEIGHT="162"></String>
          </TextLine>

          
          
          <TextLine ID="eSc_line_7315a788"
                    TAGREFS="LT1402"
                    BASELINE="1771 1832 3624 1771" 
                    HPOS="1766"
                    VPOS="1709"
                    WIDTH="1858"
                    HEIGHT="162">
            <Shape><Polygon POINTS="1771 1832 1771 1871 3624 1818 3624 1771 3609 1709 2343 1723 1766 1761 1771 1832"/></Shape>
	    <String CONTENT="voyage d&#39;italie si souvent projeté, il ne se fera jamais. jamais,"
                    HPOS="1766"
                    VPOS="1709"
                    WIDTH="1858"
                    HEIGHT="162"></String>
          </TextLine>

          
          
          <TextLine ID="eSc_line_948face5"
                    TAGREFS="LT1402"
                    BASELINE="1757 1932 3581 1875" 
                    HPOS="1752"
                    VPOS="1794"
                    WIDTH="1829"
                    HEIGHT="181">
            <Shape><Polygon POINTS="1757 1932 1757 1951 1885 1975 1890 1975 2157 1947 2214 1937 3581 1918 3581 1875 3566 1794 1752 1856 1757 1932"/></Shape>
	    <String CONTENT="mon ami, nous ne nous embrasserons dans cette demeure Antique"
                    HPOS="1752"
                    VPOS="1794"
                    WIDTH="1829"
                    HEIGHT="181"></String>
          </TextLine>

          
          
          <TextLine ID="eSc_line_6b030cb8"
                    TAGREFS="LT1402"
                    BASELINE="1757 2023 3624 1966" 
                    HPOS="1752"
                    VPOS="1894"
                    WIDTH="1872"
                    HEIGHT="176">
            <Shape><Polygon POINTS="1757 2023 1757 2070 3619 2004 3624 1966 3609 1894 1752 1932 1757 2023"/></Shape>
	    <String CONTENT="silentieuse et sacree, ou Les hommes sont venus tant de fois accuser"
                    HPOS="1752"
                    VPOS="1894"
                    WIDTH="1872"
                    HEIGHT="176"></String>
          </TextLine>

          
          
          <TextLine ID="eSc_line_d180365e"
                    TAGREFS="LT1402"
                    BASELINE="1757 2113 3538 2061" 
                    HPOS="1752"
                    VPOS="1994"
                    WIDTH="1786"
                    HEIGHT="153">
            <Shape><Polygon POINTS="1757 2113 1757 2147 3538 2104 3538 2061 3524 1994 1752 2032 1757 2113"/></Shape>
	    <String CONTENT="Leurs erreurs ou exposer Leurs besoins, sous ce Pantheon, sous ces"
                    HPOS="1752"
                    VPOS="1994"
                    WIDTH="1786"
                    HEIGHT="153"></String>
          </TextLine>

          
          
          <TextLine ID="eSc_line_df5214c9"
                    TAGREFS="LT1402"
                    BASELINE="1762 2213 3609 2156" 
                    HPOS="1757"
                    VPOS="2080"
                    WIDTH="1852"
                    HEIGHT="162">
            <Shape><Polygon POINTS="1762 2213 1762 2242 3609 2199 3609 2156 3595 2080 1757 2142 1762 2213"/></Shape>
	    <String CONTENT="voutes obscures ou nos ames devoient s&#39;ouvrir sans reserve, et"
                    HPOS="1757"
                    VPOS="2080"
                    WIDTH="1852"
                    HEIGHT="162"></String>
          </TextLine>

          
          
          <TextLine ID="eSc_line_5e15656a"
                    TAGREFS="LT1402"
                    BASELINE="1757 2309 3609 2256" 
                    HPOS="1752"
                    VPOS="2180"
                    WIDTH="1857"
                    HEIGHT="171">
            <Shape><Polygon POINTS="1757 2309 1757 2351 3609 2285 3609 2256 3595 2180 1752 2242 1757 2309"/></Shape>
	    <String CONTENT="verser toutes ces pensees retenues, tous ces sentimens secrets, toutes"
                    HPOS="1752"
                    VPOS="2180"
                    WIDTH="1857"
                    HEIGHT="171"></String>
          </TextLine>

          
          
          <TextLine ID="eSc_line_4bea658e"
                    TAGREFS="LT1402"
                    BASELINE="1752 2404 3652 2356" 
                    HPOS="1747"
                    VPOS="2275"
                    WIDTH="1905"
                    HEIGHT="162">
            <Shape><Polygon POINTS="1752 2404 1752 2437 3647 2394 3652 2356 3638 2275 1747 2337 1752 2404"/></Shape>
	    <String CONTENT="ces actions derobées, tous ces plaisirs cachés, toutes ces peines devorées,"
                    HPOS="1747"
                    VPOS="2275"
                    WIDTH="1905"
                    HEIGHT="162"></String>
          </TextLine>

          
          
          <TextLine ID="eSc_line_08e47ebd"
                    TAGREFS="LT1402"
                    BASELINE="1771 2504 3552 2447" 
                    HPOS="1766"
                    VPOS="2380"
                    WIDTH="1786"
                    HEIGHT="171">
            <Shape><Polygon POINTS="1771 2504 1771 2528 1909 2551 1914 2551 3552 2475 3552 2447 3538 2380 1766 2428 1771 2504"/></Shape>
	    <String CONTENT="tous ces mysteres de notre vie dont l&#39;honnetete scrupuleuse"
                    HPOS="1766"
                    VPOS="2380"
                    WIDTH="1786"
                    HEIGHT="171"></String>
          </TextLine>

          
          
          <TextLine ID="eSc_line_9c8b3d04"
                    TAGREFS="LT1402"
                    BASELINE="1766 2604 3638 2551" 
                    HPOS="1762"
                    VPOS="2466"
                    WIDTH="1876"
                    HEIGHT="157">
            <Shape><Polygon POINTS="1766 2604 1766 2623 3633 2589 3638 2551 3624 2466 1762 2528 1766 2604"/></Shape>
	    <String CONTENT="interdit la confidence, a l&#39;amitie meme la plus Intime et la"
                    HPOS="1762"
                    VPOS="2466"
                    WIDTH="1876"
                    HEIGHT="157"></String>
          </TextLine>

          
          
          <TextLine ID="eSc_line_0bb71d64"
                    TAGREFS="LT1402"
                    BASELINE="1776 2704 3605 2647" 
                    HPOS="1771"
                    VPOS="2556"
                    WIDTH="1834"
                    HEIGHT="171">
            <Shape><Polygon POINTS="2833 2575 2804 2575 2771 2580 2724 2580 2714 2580 2485 2589 2481 2589 2476 2589 2476 2594 2457 2613 2452 2613 2385 2589 2381 2589 2376 2589 2233 2623 2219 2623 2185 2623 1804 2613 1800 2613 1795 2613 1790 2613 1771 2627 1776 2704 1776 2727 3605 2666 3605 2647 3581 2556 3552 2580 3466 2566 3443 2561 3438 2561 3357 2570 3133 2594 3000 2585 2838 2575 2833 2575"/></Shape>
	    <String CONTENT="moins reservée. eh bien, mon ami, nous mourrons donc sans"
                    HPOS="1771"
                    VPOS="2556"
                    WIDTH="1834"
                    HEIGHT="171"></String>
          </TextLine>

          
          
          <TextLine ID="eSc_line_d8319e9c"
                    TAGREFS="LT1402"
                    BASELINE="1766 2799 3662 2751" 
                    HPOS="1762"
                    VPOS="2685"
                    WIDTH="1900"
                    HEIGHT="142">
            <Shape><Polygon POINTS="1766 2799 1766 2827 3657 2794 3662 2751 3647 2685 1762 2727 1766 2799"/></Shape>
	    <String CONTENT="nous être parfaitement connus ; et vous n&#39;aurez point obtenu"
                    HPOS="1762"
                    VPOS="2685"
                    WIDTH="1900"
                    HEIGHT="142"></String>
          </TextLine>

          
          
          <TextLine ID="eSc_line_c2ae2a36"
                    TAGREFS="LT1402"
                    BASELINE="1762 2904 3643 2856" 
                    HPOS="1757"
                    VPOS="2780"
                    WIDTH="1886"
                    HEIGHT="166">
            <Shape><Polygon POINTS="3619 2780 1757 2823 1762 2904 1762 2946 3643 2889 3643 2856 3638 2832 3619 2780"/></Shape>
	    <String CONTENT="de moi toute la justice que vous meritiez. Consolez vous ; j&#39;aurois"
                    HPOS="1757"
                    VPOS="2780"
                    WIDTH="1886"
                    HEIGHT="166"></String>
          </TextLine>

          
          
          <TextLine ID="eSc_line_e33c9d8b"
                    TAGREFS="LT1402"
                    BASELINE="1762 3004 3657 2961" 
                    HPOS="1757"
                    VPOS="2880"
                    WIDTH="1900"
                    HEIGHT="176">
            <Shape><Polygon POINTS="1762 3004 1762 3032 1966 3056 1971 3056 2300 3027 2428 3018 2452 3027 2490 3042 2495 3042 2500 3042 2614 3023 2685 3013 3657 3013 3657 2961 3643 2885 3219 2904 3133 2889 3066 2880 3062 2880 3057 2880 3028 2889 2990 2908 2747 2894 2600 2889 2595 2889 2590 2889 2585 2889 2571 2899 2533 2923 1957 2932 1757 2913 1762 3004"/></Shape>
	    <String CONTENT="ete vrai ; et j&#39;y aurois peut etre autant perdu que vous y auriez"
                    HPOS="1757"
                    VPOS="2880"
                    WIDTH="1900"
                    HEIGHT="176"></String>
          </TextLine>

          
          
          <TextLine ID="eSc_line_d7e11376"
                    TAGREFS="LT1402"
                    BASELINE="1766 3123 3652 3061" 
                    HPOS="1762"
                    VPOS="2980"
                    WIDTH="1890"
                    HEIGHT="181">
            <Shape><Polygon POINTS="1766 3123 1766 3161 3652 3089 3652 3061 3638 2980 1762 3037 1766 3123"/></Shape>
	    <String CONTENT="gagné. Combien de cotes en moi que je craindrois de montrer tout"
                    HPOS="1762"
                    VPOS="2980"
                    WIDTH="1890"
                    HEIGHT="181"></String>
          </TextLine>

          
          
          <TextLine ID="eSc_line_567e808d"
                    TAGREFS="LT1402"
                    BASELINE="1776 3218 3605 3165" 
                    HPOS="1771"
                    VPOS="3070"
                    WIDTH="1834"
                    HEIGHT="191">
            <Shape><Polygon POINTS="3057 3085 3009 3085 2962 3085 2914 3089 2900 3089 2852 3099 2757 3118 2681 3104 2633 3094 2628 3099 2581 3099 2576 3099 2504 3113 2428 3132 1771 3142 1776 3218 1776 3237 1928 3261 1933 3261 3605 3199 3605 3165 3590 3070 3290 3080 3285 3080 3281 3080 3257 3099 3228 3085 3228 3080 3224 3080 3219 3080 3214 3080 3081 3080 3057 3085"/></Shape>
	    <String CONTENT="nuds. encore une fois, Consolez vous ; il est plus doux d&#39;estimer"
                    HPOS="1771"
                    VPOS="3070"
                    WIDTH="1834"
                    HEIGHT="191"></String>
          </TextLine>

          
          
          <TextLine ID="eSc_line_dba30377"
                    TAGREFS="LT1402"
                    BASELINE="1781 3323 3628 3270" 
                    HPOS="1776"
                    VPOS="3189"
                    WIDTH="1852"
                    HEIGHT="172">
            <Shape><Polygon POINTS="1781 3323 1781 3361 3628 3289 3628 3270 3619 3194 3152 3189 3147 3189 3143 3189 3138 3189 3114 3213 3109 3213 3104 3213 3085 3194 3081 3194 3076 3194 3071 3194 2781 3199 2776 3199 2771 3199 2738 3227 2733 3227 2728 3227 2619 3208 2614 3208 2609 3208 2604 3208 2571 3232 2566 3237 2409 3237 2085 3246 1804 3227 1800 3227 1795 3227 1790 3227 1790 3232 1785 3232 1776 3242 1781 3323"/></Shape>
	    <String CONTENT="Infiniment son ami que d&#39;en etre Infiniment estimé. une"
                    HPOS="1776"
                    VPOS="3189"
                    WIDTH="1852"
                    HEIGHT="172"></String>
          </TextLine>

          
          
          <TextLine ID="eSc_line_a55fda49"
                    TAGREFS="LT1402"
                    BASELINE="1776 3427 3605 3375" 
                    HPOS="1771"
                    VPOS="3289"
                    WIDTH="1834"
                    HEIGHT="167">
            <Shape><Polygon POINTS="1776 3427 1776 3456 3605 3423 3605 3375 3595 3308 3114 3289 3109 3289 3104 3289 3033 3318 3024 3318 3019 3318 2952 3294 2947 3294 2943 3294 2785 3299 2781 3299 2776 3299 2776 3304 2771 3304 2757 3323 2752 3327 2719 3323 2604 3304 2600 3304 2595 3304 2590 3304 2590 3308 2571 3323 2562 3337 1771 3337 1776 3427"/></Shape>
	    <String CONTENT="autre raison de la pauvrete de ce sallon cy, c&#39;est que plusieurs"
                    HPOS="1771"
                    VPOS="3289"
                    WIDTH="1834"
                    HEIGHT="167"></String>
          </TextLine>

          
          
          <TextLine ID="eSc_line_9d9b0f94"
                    TAGREFS="LT1402"
                    BASELINE="1771 3532 3524 3484" 
                    HPOS="1766"
                    VPOS="3413"
                    WIDTH="1758"
                    HEIGHT="157">
            <Shape><Polygon POINTS="1771 3532 1771 3556 2290 3570 2295 3570 2828 3532 3481 3537 3485 3537 3490 3537 3495 3537 3524 3513 3524 3484 3509 3413 1766 3442 1771 3532"/></Shape>
	    <String CONTENT="artistes de reputation ne sont plus, et que d&#39;autres dont Les"
                    HPOS="1766"
                    VPOS="3413"
                    WIDTH="1758"
                    HEIGHT="157"></String>
          </TextLine>

          
          
          <TextLine ID="eSc_line_79357562"
                    TAGREFS="LT1402"
                    BASELINE="1776 3632 3638 3575" 
                    HPOS="1771"
                    VPOS="3508"
                    WIDTH="1867"
                    HEIGHT="176">
            <Shape><Polygon POINTS="1776 3632 1776 3656 1923 3684 1928 3684 3638 3603 3638 3575 3624 3508 1771 3551 1776 3632"/></Shape>
	    <String CONTENT="bonnes et les mauvaises qualités m&#39;auroient fourni une recolte"
                    HPOS="1771"
                    VPOS="3508"
                    WIDTH="1867"
                    HEIGHT="176"></String>
          </TextLine>

          
          
          <TextLine ID="eSc_line_e26e32e4"
                    TAGREFS="LT1402"
                    BASELINE="1781 3746 3657 3684" 
                    HPOS="1776"
                    VPOS="3608"
                    WIDTH="1881"
                    HEIGHT="172">
            <Shape><Polygon POINTS="1781 3746 1781 3780 3657 3713 3657 3684 3643 3608 1776 3670 1781 3746"/></Shape>
	    <String CONTENT="abondante d&#39;observations ne s&#39;y sont pas montrés cette année."
                    HPOS="1776"
                    VPOS="3608"
                    WIDTH="1881"
                    HEIGHT="172"></String>
          </TextLine>

          
          
          <TextLine ID="eSc_line_202f7d3a"
                    TAGREFS="LT1402"
                    BASELINE="1804 3851 2146 3838 2634 3827 3628 3808" 
                    HPOS="1795"
                    VPOS="3708"
                    WIDTH="1829"
                    HEIGHT="172">
            <Shape><Polygon POINTS="1800 3846 1800 3880 3624 3832 3624 3803 3614 3742 3447 3708 3443 3708 3243 3737 2790 3722 2785 3722 2781 3722 2666 3756 2585 3727 2581 3727 2576 3727 2571 3727 2566 3727 2566 3732 2538 3761 1795 3775 1800 3846"/></Shape>
	    <String CONTENT="il n&#39;y avoit rien ni de Pierre, ni de Boucher, ni de la Tour,"
                    HPOS="1795"
                    VPOS="3708"
                    WIDTH="1829"
                    HEIGHT="172"></String>
          </TextLine>

          
          
          <TextLine ID="eSc_line_c60e63bf"
                    TAGREFS="LT1402"
                    BASELINE="2245 3889 2484 3881" 
                    HPOS="2243"
                    VPOS="3822"
                    WIDTH="238"
                    HEIGHT="115">
            <Shape><Polygon POINTS="2428 3822 2381 3822 2333 3822 2285 3846 2266 3846 2243 3884 2243 3937 2281 3937 2476 3913 2481 3880 2471 3822 2428 3822"/></Shape>
	    <String CONTENT="ni de Greuze."
                    HPOS="2243"
                    VPOS="3822"
                    WIDTH="238"
                    HEIGHT="115"></String>
          </TextLine>

          
          
          <TextLine ID="eSc_line_10f51edd"
                    TAGREFS="LT1402"
                    BASELINE="1771 3961 3647 3913" 
                    HPOS="1766"
                    VPOS="3822"
                    WIDTH="1881"
                    HEIGHT="224">
            <Shape><Polygon POINTS="2338 3894 2290 3889 2276 3875 1985 3856 1981 3856 1976 3856 1971 3856 1933 3889 1781 3894 1766 3927 1771 3961 1781 4022 1814 3999 1842 4022 1857 4032 1862 4032 1866 4032 1871 4032 1876 4032 1904 4018 1933 4008 1976 4018 2062 4041 2066 4041 2071 4041 2076 4041 2133 4018 2185 3994 2223 4018 2281 4046 2285 4046 2290 4046 2519 4041 2523 4041 2590 4008 2604 4003 2619 4008 2681 4037 2685 4037 2690 4037 2695 4037 2757 4013 2833 4032 2838 4032 2843 4032 2847 4032 2852 4032 2881 4008 2928 3970 3305 3980 3309 3980 3485 3956 3633 3994 3647 3913 3638 3841 3305 3822 3300 3822 3295 3822 3205 3851 3195 3856 3190 3851 3166 3832 3162 3832 3157 3832 2895 3832 2890 3832 2885 3832 2881 3832 2838 3865 2828 3865 2795 3865 2576 3851 2571 3851 2347 3875 2338 3894"/></Shape>
	    <String CONTENT="ni de bachelier . ils ont dit pour leurs raisons qu&#39;ils etoient"
                    HPOS="1766"
                    VPOS="3822"
                    WIDTH="1881"
                    HEIGHT="224"></String>
          </TextLine>

          
        </TextBlock>
        

        
      </PrintSpace>
    </Page>
  </Layout>
</alto>
