4467 5633
817 1037 1832 136 las de s'exposer aux bêtes et d'etre dechirés. quoi, m.^r Boucher,

789 1140 1897 94 vous a qui Les progres et la duree de l'art devroient etre specialement

779 1211 1837 126 a cœur, en qualite de premier peintre du Roi ; c'est au moment

779 1314 1860 113 ou vous obtenez ce titre que vous donnez La premiere atteinte a une

775 1403 1897 108 des plus utiles Institutions, et cela par La crain< te > d'entendre une

775 1497 1869 103 verité dure ? vous n'avez pas conçu quelle pouvoit etre la suite

770 1577 1897 117 de votre exemple ! si Les grands maitres se retirent, Les subalternes

760 1652 1903 136 se retireront, ne fut ce que pour se donner un air de grands maitres ;

770 1750 1846 127 bientot les murs du louvre seront tout nuds, ou ne seront couverts

765 1840 1926 150 que du Barbouillage de polissons qui ne s'exposent que parce qu'ils

760 1943 1879 141 n'ont rien a perdre a se laisser voir ; et cette Lutte annuelle et

751 2037 1973 159 publique des artistes venant a cesser, L'art s'acheminera rapidement

756 2145 1907 131 a sa decadence. mais a cette consideration, la plus Importante, il

746 2248 1865 150 s'en joint une autre qui n'est pas à negliger. voici comment

756 2342 1930 141 raisonnent La pluspart des hommes opulents qui occupent les grands

746 2445 1875 146 Artistes. la somme que je vais mettre en desseins de Boucher, en

746 2548 1851 137 tableaux de Vernet, de Casanove, de Loutherbourg est placée au

746 2647 1968 164 plus haut interet. je jouirai toute ma vie, de la vue d'un excellent

746 2736 1926 150 morceau. l'artiste mourra ; et mes enfants ou moi, nous retirerons

732 2854 1874 136 de ce morceau, vingt fois le prix de son premier achat. et c'est très

732 2957 1903 136 bien raisonné ; et Les heritiers voyent sans chagrin un pareil emploi

732 3065 1931 150 de la richesse qu'ils convoitent. Le Cabinet de m.^r de Julienne a rendu

732 3159 1893 140 a la vente, Beaucoup au dela de ce qu'il avoit couté. J'ai a present

742 3248 1911 178 sous mes yeux, un paysage que Vernet fit a Rome pour un habit,

737 3375 1818 140 veste et culote, et qui vient d'etre acheté mille ecus. quel

742 3478 1794 141 rapport y a t'il entre le salaire qu'on accordoit aux maitres

737 3591 1841 131 anciens, et La valeur que nous mettons a leurs ouvrages ? ils ont

728 3713 1907 154 donné pour un morceau de pain telle composition que nous offririons

737 3821 1860 136 inutilement de couvrir d'or. Le Brocanteur ne vous lachera pas

2987 1140 70 136 2.
