4467 5697
1763 1063 1820 180 un tableau du Correge pour un sac d'argent dix fois aussi lourds

1748 1153 1806 176 que le sac de liards sous lequel un Infame cardinal Le fit mourir.

1748 1215 1835 176 mais a quoi cela revient'il, me direz vous ? qu'est ce l'histoire du

1748 1300 1854 185 Correge, et la vente des tableaux de m.^r de Julienne ont de Commun avec

1744 1414 1848 166 L'exposition publique et le sallon. vous allez l'entendre. L'homme

1748 1490 1839 190 habile a qui l'homme riche demande un morceau qu'il puisse laisser

1744 1580 1829 181 a son enfant, a son heritier Comme un effet precieux, ne sera plus

1753 1666 1849 199 arrete par mon jugement, par le votre ; par Le respect qu'il se portera

1739 1789 1806 185 a lui meme ; par la crainte de perdre sa reputation ; ce n'est plus

1753 1875 1811 209 pour la nation, c'est pour un particulier qu'il travaillera ; et vous

1739 1951 1834 209 n'en obtiendrez qu'un ouvrage mediocre et de nulle valeur. on ne

1758 2046 1768 213 scauroit trop apporter de barrieres a la paresse, a l'avidite, a l'

1739 2136 1867 214 Infidelite ; et La censure publique est une des plus puissantes. ce

1763 2245 1891 209 serrurier qui avoit femme et enfants, qui n'avoit ni vetement ni

1758 2350 1863 227 pain a leur donner, et qu'on ne put jamais resoudre, a quelque prix

1758 2454 1877 214 que ce fut, a faire une mauvaise gache, fut un enthousiaste

1763 2554 1853 190 tres rare. je voudrois donc que M^r Le Directeur des academies

1758 2649 1825 194 obtint un ordre du Roi qui enjoignit, sous peine d'etre exclus,

1763 2753 1853 195 a tout artiste, d'envoyer au sallon, deux morceaux au moins,

1763 2839 1915 223 au peintre deux tableaux ; au sculpteur, une statue ou deux modeles

1758 2967 1877 213 mais ces gens qui se moquent de la gloire de la nation, des progrés

1758 3085 1891 200 et de la duree de l'art, de l'instruction et de l'amusement publics,

1758 3199 1872 181 n'entendent rien a Leur propre Interêt. Combien de Tableaux

1748 3294 1849 181 seroient demeurés des annees entieres dans l'ombre de l'attelier,

1758 3413 1877 171 s'ils n'avoient point ete exposés ? tel particulier va promener au

1777 3536 1834 157 sallon, son desœuvrement et son ennui qui y prend ou reconnoit

1763 3650 1858 166 en lui Le gout de la peinture. tel autre qui en a le gout, et n'y

1763 3741 1877 161 etoit alle chercher qu'un quard'heure d'amusement, y laisse une

1777 3864 1915 195 somme de deux mille cens. tel artiste mediocre s'annonce en un instant
