5000 8041
475 234 302 409 24

857 314 3137 268 quand elles sont dormantes, si les bords en sont bas

784 529 3317 214 et non revetus ceux de landau sont de cette maniere

784 690 3270 261 apres cela ceux qui sont secs profonds et revetus

784 884 3089 208 sont bons mais les meilleurs sont ceux qui etans secs

824 1052 3070 247 peuvent etre innondez d'une grosse eau dormante et

784 1226 3284 288 courante quand on le veut parce qu'on le peut deffendre

790 1407 3218 254 sec et ensuite les innonder et y exciter des torrens qui

770 1608 3278 254 en rendent le trajet impossible tels sont les fosses de

743 1782 3251 234 valancienne du costé du [[quesnoy]] qui sont secs mais

770 1956 3472 302 dans lequels on peut mettre telle quantité d'eau dormante

757 2164 3378 261 ou courante que l'on voudra sans qu'on le puisse

764 2378 3324 268 empecher, tels sont encore les fosses de landau place

750 2593 3103 254 moderne dont le merite n'est pas encore bien connu

750 2780 3398 262 des mediocremens intelligens, bien que toute neuve elle ait

730 2961 1957 248 deja soutenu deux grands sieges.

663 3202 3425 282 Les places qui ont de tels fossez avec des reservoirs

710 3410 3385 241 d'eau que l'on ne peut leur oter sont tres difficiles à

710 3618 3411 275 forcer quand ceux qui les deffendent savent en

710 3792 885 228 faire usage

730 4007 3438 268 Les fosses revetus des qu'ils ont 10. 12. 15. 20. ou

764 4214 3351 248 25. pieds de profondeur sont aussi fort bons parce

750 4382 3425 261 que les bombes et les canons ne peuvent rien contre

764 4549 3391 235 ce revetement et qu'on n'y peut entrer que par des

777 4703 3425 255 [[descentes]] c'est a dire en defilant un a un, ou deux au

790 4864 3358 275 plus ce qui est sujet à bien des inconveniens, car

797 5072 3331 248 on vous chicanne par des frequentes sorties sur votre

777 5246 3351 275 passage et vos logemens de mineurs ce qui cause

790 5454 3385 261 beaucoup de retardement et de perte, outre que

817 5655 3385 275 lorsqu'il sagit d'une attaque on ne la peut soutenir

837 5829 3325 295 que faiblement parce qu'il faut que tout passe

851 6010 3331 288 par un trou, ou deux et toujours en defilant avec

824 6204 1923 282 beaucoup d'incommodité

824 6412 3385 302 Il faut encore examiner si les fosses sont taillez

804 6667 3425 268 dans le roc, si le roc est continué en dur, car

797 6868 3425 342 s'il est dur et mal aisé a miner vous faites bien de

4470 549 194 221 H

4510 2385 67 174 H

4175 2425 771 322 il y a contradiction
