4999 7803
1835 253 833 286 Preface

716 461 4100 286 Si les sieges et la prise des ennemis nous rendent maitre de leurs paÿs la

676 624 4270 260 fortiffication nous en asseure la possession et peut garentir nos frontieres des suites de

696 760 3997 267 facheuses, de la perte d'une bataille qui sans ces precautions pourvoient donner

702 890 4231 280 lieu à l'ennemi d'etendre bien loin les fruits de sa victoire, c'est de quoi nous avons de

696 1014 4049 319 grand exemple en france, aux paÿs bas, en italie, en allemagne et même en

696 1157 4127 306 espagne tous paÿs dont les frontieres sont fortiffiées par quantité de bonnes

702 1320 4179 286 places, nottemment les pays bas ou ily apeu de ville qui ne le soit, tout le monde

683 1476 4192 260 sait assez le temps qu'ily a qu'ony fait la guerre sans qu'on aye jamais

689 1625 4088 247 peu les conquerir totalement, et qui voudroit faire attention sur ce qui s'y

683 1768 4179 267 est passé depuis 200. ans trouveroit que l'ony a donné plus de 60. batailles

683 1924 4172 267 fait plus de 200. sieges de places en attaquant et deffendant sans qu'on a'ye

716 2074 3957 266 peu les reduire entierement la raison est que les places fortes arretent la

716 2217 4100 286 poursuitte des armes victorieuses servant d'azile asseuré a celle des ennemis qui

716 2379 3964 261 ont eté battües et donnent moyen de tirer la guerre en longueur pendant

722 2516 4172 299 quoi il arrive des conjectures bizarres et des changement d'interest dans les etats

716 2685 4074 267 voisins naturellement ennemis des prosperites l'un de l'autre qui font que vos amis

709 2835 3971 273 devenant vos ennemis cessent de nous assister ou ne le font pas de bonne fois ou

716 2997 3938 293 changent ouvertement de parti, ce qui est arrivé si frequemment dans ces

729 3160 4191 292 derniers temps que l'on a souvent vû les projects des conquerens arretez par [[des]]

729 3329 3996 273 telles et semblables conduites et les contraindre de passer de l'offensive a la

716 3472 4191 286 deffensive dans le temps que le bonheur de leurs armes sembloit leur prometre

716 3628 4198 260 le plus d'avantage d'ou s'ensuit de retour de prosperité qui ont produit des paix

722 3797 4062 247 à des conditions onereuses qui les ont obligé à restitues tous ou la meilleure

729 3953 4191 267 partie de ce qu'ils avoient conquis aprez des consommations immenses d'hommes,

709 4090 3945 286 d'argent et beaucoup de pays ruines; qui voudroit pousser cette digression

742 4246 4198 286 plus loin et repasser ce qui est arrivé dans le monde connu depuis que les hommes

735 4434 4153 228 ont redigé par ecrit les demelez qu'ils ont eu entr'eux trouveroit qu'il a bien

735 4571 4179 247 moins fallu de temps pour conquerir une partie des paÿs bas que ne contient

735 4727 4146 260 pas la centieme partie prez l'etendue de ceux la, la raison en est evidente

729 4915 4016 234 en ce qu'une bataille perdue dans de paÿs icy n'a pour d'ordinaire que peu

735 5045 3977 248 de fuite, la poursuite d'une armée battue ne s'etend pas à plus de trois a

729 5202 3898 234 quatre lieues au plus parce que les places voisines des ennemis arrêtent les

716 5364 4211 273 victorieux donnent retraite aux vaincus, les empeche d'etre totallement ruines

676 5540 3984 260 font qu'a labri de leur protections ils se racommodent en peu de temps

722 5728 3958 215 et obligent l’armée victorieuse a se contenter de la superiorité, le reste de la

689 5871 4082 247 campagne et de se saizir des postes qui fixent les progres de son ennemi, au lieu

702 6021 4101 325 que dans ces vastes pays ou il n'y a point, ou peu de places fortes, l'armée d'en

683 6203 3938 266 vainqueur pousse l'armée vaincue jusqu'a son entiere dissipation qui est

689 6365 3965 267 ordinairement suivie d'un saccagement de pays qui le force a recevoir

676 6535 4166 260 la loi du vainqueur, c'est ce qui arrive à alexandre qui en trois batailles

663 6704 4095 299 se rendit maitre du prodigieux empire de perses et ce qui est arrivée à
