5000 7699
198 64 739 282 Planche 1.^ere

211 340 687 263 figure 1.^ere

1026 115 142 186 10

1123 224 3177 250 La mesure commune des lignes quand aux plans doit

1110 384 3183 225 estre de 120 Toises, d'une pointe de dedans à l'autre 10. a 12.

1110 506 3158 257 toises de plus ou de moins ne doivent pas faire une affaire

1116 660 3165 238 on doit observer de les placer toujours sur les lieux les plus

1084 750 3216 334 eminens et jamais dans les fonds et que les angles des redans

1103 917 2837 282 soient toujours moins ouvert que le droit ou quarré

1091 1103 3061 269 On donne pour l'ordinaire 18.20. a 25. toises de face à

1071 1263 3075 244 ces memes redans sur 90. a 100 toises de courtines

1116 1385 2953 270 du surplus on accomode le circuit de la ligne a

1116 1533 3145 308 l'irregularité du terrain pourveu qu'elles se flanquent

1097 1693 3107 315 bien, l'ouverture du fossé des lignes doit etre de 15. 16. à

1097 1847 3081 327 18. pieds, un peu plus, un peu moins sur 6. a 7. 1/2 de

1091 2033 2663 283 profondeur faluant du tiers de la largeur

1065 2226 3081 308 De cette façon leur fossé aura 18. pieds de large à

1084 2399 3113 314 l'ouverture, sa largeur au fond de 6. pieds ce qui donne

1071 2591 3152 276 douze pieds de commune largeur et 6. pieces 6. pouces

1065 2758 3235 257 de profondeur devenant par toises courantes a 2. toise 1/2

1065 2912 3286 283 cubes ce que est l'ouvrage qu'un paisan peut faire en 7. jours

1071 3066 3158 276 à ne pas beaucoup travailler car je compte qu'il ny apas

1059 3246 3087 250 d'homme qui ne puisse aisement remuer un tiers de toise

1091 3393 3081 276 par jour a la jetter a la main quelque mauvais ouvriers

1059 3547 847 257 qu'il puisse etre

1007 3746 3312 263 Sur ce pied la nous proposerons les mesures de 6. profiles

1052 3932 3267 231 suivant dont on se pourra servir pour regler toute sorte

1071 4131 3222 206 de circonvalation, n'estimant pas qu'il soit necessaire

1078 4260 3049 275 d'en employer desplus fortes, ny qu'on doive se servir

1065 4420 873 244 de plus faibles

1059 4901 3209 257 Nota que la solidité des parapez doit egaler celle des

2015 4702 1155 218 2.^e feuille

1020 5113 3209 231 fossez des lignes y compris un rebond a peu prez tel que

1039 5273 3184 263 la figure qui doit etre formée de terre provenant de >l<

1039 5459 1387 206 l'achevement des talus

1732 5742 2645 301 Table contenant les mesures des

1784 5998 2676 289 6. profils sur lesquels on peut regler

1758 6178 847 205 les lignes

1957 6428 841 270 1.^er profil

1020 6807 3261 308 Largeur du fossé a l'ouverture .... 18. pieds 0. par
