5000 8285
814 400 290 338 92

1208 421 3481 227 on rappelle presque en même temps les troupes qui ont

1167 607 3542 242 chargé, lesquelles viennent se rallier derrière les travailleurs

1167 800 3542 277 ou ils restent genouil a terre jusqu'à ce que le logement

1167 1014 1602 228 soit en etat de les couvrir

1167 1222 3439 269 Pendant cette action qui est toujours tres violente toutes

1153 1442 3543 277 les batteries de canon et de mortier tirent incessemment

1180 1650 3447 303 aux deffenses de la place aussi bien que les places

1167 1871 3466 290 d'armes de la tranchée qui ont des veues sur les mêmes

1160 2064 504 317 deffenses

1063 2333 3646 318 La place de son côté se deffend en fait [depuis] qu'elle

1153 2582 3391 317 peut et comme la plus grande partie ou pour mieux

1132 2823 3405 263 dire tout ce spectacle se fait a decouvert de la

1146 3030 3398 297 part des afliegeans et dure quelques deux ou trois

1104 3244 3571 318 heures, il y a toujours beaucoup de sang repandu de

1146 3452 3425 338 la part de ceux qui attaquent et de ceux qui

1132 3707 3343 338 deffendent mais pour l'ordinaire beaucoup plus des

1153 3990 1740 214 premiers que des derniers.

1132 4204 3522 338 C'est pourquoi toutes les fois qu'on peut se rendre maitre

1139 4432 3515 304 du chemin couvert par industrie sans etre obligé

1146 4681 3550 234 d'en venir aux mains, c'est sans contredit le meilleur

1153 4888 1996 283 moyen qu'on y puisse employer

1995 5274 1630 311 2^e. Moyen

1111 5668 3592 311 Supposons presentement que les ricochets soient bien

1104 5896 3550 324 disposez et que leurs effet joint a celuy des cavaliers

1132 6137 3501 311 de la place d'armes puissent nous donner assez d'ascendans

1132 6413 3501 263 sur le chemin couvert pour opposer a un, ou plusieurs

1118 6669 3426 283 de ces angles par les enfilades ou plongées des cavaliers

1132 6931 3474 276 pour lors quand la tranchées sera parvenue au pied

1125 7166 3564 325 du glacis il n'y aura plus guere de retour a faire

1146 7421 3412 339 encore ne pourra t on pas s'empecher de les enfiler
