5000 8630
640 237 237 374 108

1014 251 3532 410 Prolongeant dans l'eau quand elle vient a hauteur de la

906 510 3878 381 superficie, il emporte des lits en travers sur lesquels on fait

935 719 3870 359 voiturer un peu de terre qu'on [[reprend]] le long pour la faire

913 978 3892 330 enfoncer, ensuite de quoy on recharge sur le même lit jusques

913 1172 3935 367 a ce que le passage soit ferme et elevé de quelques pieds au

913 1416 3907 417 dessus de la supperficie de l'eau sur la largeur de 12 a 14 pieds

913 1654 3885 410 marqué E meme mesure qui est celle qu'il faut donner au

913 1905 3863 396 pont pendant cette manoeuvre on fortifie toujours l'epaulement

827 2157 3993 417 en y jettant les [[sassines]] un peu en levant a la fourche qu'on

877 2437 3856 418 arrange comme l'on peut, on l'eleve considerablement

892 2668 2712 410 parceque les sassines s'affessent toujours assez

884 2941 3943 424 quand on s'appercoit que la sassine touche le fond du fossé et

906 3207 3842 453 que l'épaulement est affermi on luy fait un parement de sassine

884 3502 2396 338 relliées et attachées avec des piquets

899 3790 3806 417 on peut voir la maniere d'executer toutes ses choses dans les

906 4041 1770 309 plans et profils des figures

863 4394 3870 388 [[M.^a]] que si le debouchement est plongé de bastions il faudra

841 4710 3806 396 commencer ce passage par former une montagne de sassine

848 4991 3964 345 devant soy marqué F feuille 11^e. qu'on eleve de 8.9. a 10

863 5257 3993 345 pieds de haut on l'écoule derriere pour travailler a l'epaulement

848 5573 3857 288 et ensuite a la galerie entretenant toujours lad. montagne

856 5839 3920 353 et la poussant en avant jusqueaceque l'on soit au dessous

798 6120 3748 345 des plongées apres quoi on retire peu a peu les sassines

820 6429 3992 345 de la montagne et on les employe a l'epaulement et au

805 6738 3900 403 pont continuant toujours led. passage jusqu'au pied des

798 7047 4108 425 breches que je presume etre fort avancées quand ony parviendra

798 7385 3863 374 que si le bastion plongé sur le debouchement ce ne sera pas

834 7659 3755 438 assez de cette montagne de sassine devant soy il faudra

345 1956 431 244 [[6l 14]]

374 2114 338 374 2^e fig
