<?xml version="1.0" encoding="UTF-8"?>
<alto xmlns:xsi="http://www.w3.org/2001/XMLSchema-instance"
      xmlns="http://www.loc.gov/standards/alto/ns-v4#"
      xsi:schemaLocation="http://www.loc.gov/standards/alto/ns-v4# http://www.loc.gov/standards/alto/v4/alto-4-2.xsd">
  <Description>
    <MeasurementUnit>pixel</MeasurementUnit>
    <sourceImageInformation>
      <fileName>SIL-39088003342490_0117.jpg</fileName>
      
    </sourceImageInformation>
  </Description>
  
  <Tags>
    <OtherTag ID="BT2742" LABEL="MarginTextZone" DESCRIPTION="block type MarginTextZone"/><OtherTag ID="BT2741" LABEL="GraphicZone" DESCRIPTION="block type GraphicZone"/><OtherTag ID="BT2740" LABEL="NumberingZone" DESCRIPTION="block type NumberingZone"/><OtherTag ID="BT2739" LABEL="MainZone" DESCRIPTION="block type MainZone"/>
    <OtherTag ID="LT974" LABEL="DropCapitalLine" DESCRIPTION="line type DropCapitalLine"/><OtherTag ID="LT973" LABEL="HeadingLine:rubric" DESCRIPTION="line type HeadingLine:rubric"/><OtherTag ID="LT972" LABEL="HeadingLine:title" DESCRIPTION="line type HeadingLine:title"/><OtherTag ID="LT971" LABEL="HeadingLine" DESCRIPTION="line type HeadingLine"/><OtherTag ID="LT970" LABEL="DefaultLine" DESCRIPTION="line type DefaultLine"/>
  </Tags>
  
  <Layout>
    <Page WIDTH="4999"
          HEIGHT="8400"
          PHYSICAL_IMG_NR="7"
          ID="eSc_dummypage_">
      <PrintSpace HPOS="0"
                  VPOS="0"
                  WIDTH="4999"
                  HEIGHT="8400">
        
        <TextBlock HPOS="305"
                   VPOS="290"
                   WIDTH="4069"
                   HEIGHT="7600"
                   ID="eSc_textblock_9060ca51"
                   TAGREFS="BT2739">
          <Shape><Polygon POINTS="305 290 427 7818 4374 7890 4354 552 4125 552 4113 297"/></Shape>
          
          
          <TextLine ID="eSc_line_cc8a4401"
                    
                    BASELINE="406 455 3929 501" 
                    HPOS="392"
                    VPOS="259"
                    WIDTH="3535"
                    HEIGHT="259">
            <Shape><Polygon POINTS="399 455 392 504 3913 518 3927 497 3927 294 3542 294 3535 294 3528 294 3521 294 3472 336 2933 294 2751 280 2744 280 2667 294 2520 322 2282 294 2100 273 2093 273 1883 294 1687 315 1638 294 1575 266 1568 266 1561 266 1554 266 1547 266 1512 294 1498 301 1456 294 1267 266 1260 266 1253 266 1246 266 1218 294 1197 308 812 308 805 294 763 259 756 259 749 259 742 259 399 294 399 455"/></Shape>
	    <String CONTENT="du revetement vis a vis jusqu&#39;à ce qu&#39;il tombe dans le fossé"
                    HPOS="392"
                    VPOS="259"
                    WIDTH="3535"
                    HEIGHT="259"></String>
          </TextLine>

          
          
          <TextLine ID="eSc_line_0d3a7c70"
                    
                    BASELINE="378 679 2233 672 4228 728" 
                    HPOS="357"
                    VPOS="497"
                    WIDTH="3871"
                    HEIGHT="287">
            <Shape><Polygon POINTS="378 679 357 553 476 497 476 497 483 497 483 497 483 497 490 497 490 497 490 497 497 497 497 497 504 497 504 497 504 504 567 553 567 553 574 553 1064 504 1064 504 1071 504 1232 511 1232 511 1232 511 1239 511 1239 511 1246 511 1246 511 1246 518 1302 560 1526 511 1526 511 1526 511 1533 511 1533 511 1540 511 1687 546 1764 518 1764 518 1771 518 1771 518 1771 518 1778 518 1778 518 1785 518 1785 518 1785 518 1792 518 1792 518 1792 525 1834 560 1967 518 1974 518 1974 518 1981 518 1981 518 2548 574 2758 532 2758 532 2758 532 2765 532 2765 532 2772 532 2933 574 3017 532 3017 532 3017 532 3024 532 3024 532 3031 532 3031 532 3031 532 3038 532 3038 532 3164 588 3178 588 3199 588 3381 553 3381 553 3381 553 3388 553 4221 602 4228 728 4221 770 3325 784 3318 784 3318 784 3311 784 3311 784 3234 756 3185 735 3031 749 2765 777 2765 777 2758 777 2758 777 2751 777 2751 777 2751 777 2681 742 2639 721 2394 735 2184 749 2177 749 2177 749 2177 749 2170 749 2170 749 2163 749 2135 728 2100 714 1680 721 546 749 539 749 539 749 532 749 357 693"/></Shape>
	    <String CONTENT="ce qui achevera vraisemblablement d&#39;en former le passage"
                    HPOS="357"
                    VPOS="497"
                    WIDTH="3871"
                    HEIGHT="287"></String>
          </TextLine>

          
          
          <TextLine ID="eSc_line_ba843f97"
                    
                    BASELINE="392 938 4165 980" 
                    HPOS="378"
                    VPOS="756"
                    WIDTH="3787"
                    HEIGHT="259">
            <Shape><Polygon POINTS="392 938 378 819 581 756 588 756 588 756 595 756 945 756 945 756 945 756 952 756 952 756 952 756 959 756 1064 826 1085 840 1155 840 1162 826 1232 770 1232 763 1232 763 1239 763 1239 763 1246 763 1246 763 1246 763 1253 763 1253 763 1260 763 1260 763 1260 763 1393 833 1407 833 1519 833 1687 826 1743 777 1743 777 1750 777 1750 777 1750 777 1757 777 1757 777 1764 777 1764 777 1764 777 1771 777 1771 777 1771 777 1778 777 1778 777 1841 833 1960 770 1960 770 1960 770 1967 770 1967 770 1974 770 2212 770 2212 770 2212 770 2219 770 2219 770 2219 770 2352 840 2359 847 2366 840 2443 791 2450 791 2450 791 2450 791 2457 791 2457 791 2464 791 2464 791 2464 791 2471 791 2471 791 2555 826 2611 777 2611 777 2618 777 2618 777 2618 777 2625 777 2625 777 2632 777 2884 777 2884 777 2884 777 2891 777 2891 777 2891 777 2982 819 3059 784 3059 784 3066 784 3066 784 3066 784 3073 784 3451 812 3451 812 3458 812 3458 812 3458 812 3465 812 3535 854 3549 868 4158 868 4165 980 4151 1015 378 987"/></Shape>
	    <String CONTENT="que s&#39;il ne l&#39;est pas tout a fait il faudra attacher un"
                    HPOS="378"
                    VPOS="756"
                    WIDTH="3787"
                    HEIGHT="259"></String>
          </TextLine>

          
          
          <TextLine ID="eSc_line_c8318b65"
                    
                    BASELINE="399 1176 4165 1176" 
                    HPOS="392"
                    VPOS="994"
                    WIDTH="3780"
                    HEIGHT="273">
            <Shape><Polygon POINTS="399 1176 392 1057 595 1008 595 1008 595 1008 602 1008 602 1008 602 1008 609 1008 609 1008 609 1008 616 1008 679 1057 882 1057 973 994 980 994 980 994 980 994 987 994 987 994 994 994 1211 994 1211 994 1211 994 1218 994 1218 994 1218 994 1225 994 1225 994 1225 1001 1281 1050 1428 1001 1435 1001 1435 1001 1435 1001 1442 1001 1442 1001 1449 1001 1449 1001 1449 1001 1554 1057 1792 1057 1869 994 1869 994 1876 994 1876 994 1876 994 1883 994 1883 994 1890 994 1890 994 1890 994 1897 994 1897 994 1897 994 1904 994 1988 1057 2590 1057 2660 1001 2660 1001 2667 1001 2667 1001 2674 1001 2674 1001 2674 1001 2681 1001 2681 1001 2688 1001 2877 1050 3017 1001 3017 1001 3024 1001 3024 1001 3031 1001 3031 1001 3031 1001 3038 1001 3213 1050 3290 994 3297 994 3297 994 3297 994 3304 994 3304 994 3311 994 3990 994 3990 994 3990 994 3997 994 3997 994 4172 1057 4165 1176 4165 1218 3661 1260 3654 1260 2954 1225 2800 1218 2779 1225 2702 1260 2702 1260 2695 1260 2695 1260 2695 1260 2688 1260 2688 1260 2394 1225 2317 1218 2289 1225 2191 1260 2191 1260 2184 1260 2184 1260 2184 1267 1673 1267 1666 1260 1666 1260 1659 1260 1659 1260 1659 1260 1652 1260 1652 1260 1652 1253 1624 1225 1610 1218 1582 1225 1449 1260 1442 1260 1442 1260 1442 1267 1162 1267 1155 1260 1155 1260 1148 1260 1148 1260 1148 1260 1141 1260 1141 1260 1099 1225 1085 1218 399 1225"/></Shape>
	    <String CONTENT="mineur sur la jonction du mûr resté debout avec la partie"
                    HPOS="392"
                    VPOS="994"
                    WIDTH="3780"
                    HEIGHT="273"></String>
          </TextLine>

          
          
          <TextLine ID="eSc_line_2abed820"
                    
                    BASELINE="392 1428 2401 1414 4130 1470" 
                    HPOS="378"
                    VPOS="1246"
                    WIDTH="3752"
                    HEIGHT="294">
            <Shape><Polygon POINTS="392 1428 378 1288 546 1246 546 1246 546 1246 553 1246 553 1246 833 1288 847 1288 861 1288 1260 1253 1260 1253 1267 1253 1267 1253 1274 1253 1274 1253 1274 1253 1281 1253 1281 1253 1281 1260 1323 1295 1323 1295 1358 1295 1757 1260 1764 1260 1764 1260 1764 1260 1974 1302 2002 1302 2058 1302 2527 1267 2534 1267 2534 1267 2534 1267 2541 1267 2541 1267 2541 1267 2548 1267 2548 1267 2590 1302 3199 1274 3206 1274 3206 1274 3206 1274 3213 1274 3213 1274 3213 1274 3283 1309 3346 1274 3346 1274 3346 1274 3353 1274 3353 1274 3353 1274 3360 1274 3360 1274 3367 1274 3367 1274 3367 1274 3374 1274 3374 1274 3423 1316 3430 1323 4130 1323 4130 1470 4123 1526 3451 1540 3444 1540 3444 1540 3437 1540 3346 1512 3199 1470 3143 1512 3143 1512 3136 1512 3136 1512 3136 1512 3129 1512 3129 1512 3129 1512 3122 1512 3122 1512 3122 1512 3115 1512 3101 1505 3010 1477 2926 1505 2863 1526 2863 1526 2856 1526 2856 1526 2849 1526 2849 1526 2849 1526 2842 1526 2842 1526 2786 1505 2688 1463 2226 1491 2163 1491 2156 1491 2156 1491 2114 1491 1897 1456 1743 1456 1715 1477 1659 1519 1652 1519 1652 1519 1652 1519 1645 1519 1645 1519 1645 1519 1638 1519 1638 1519 1631 1519 1631 1519 1519 1477 1512 1477 1512 1477 1302 1519 1302 1519 1302 1519 1295 1519 1295 1519 945 1463 840 1449 770 1463 595 1491 595 1491 595 1498 588 1491 588 1491 378 1449"/></Shape>
	    <String CONTENT="eboulée et enfoncer la mine bien avant vis a vis la tête du"
                    HPOS="378"
                    VPOS="1246"
                    WIDTH="3752"
                    HEIGHT="294"></String>
          </TextLine>

          
          
          <TextLine ID="eSc_line_6a4c7b9c"
                    
                    BASELINE="413 1680 4228 1680" 
                    HPOS="413"
                    VPOS="1498"
                    WIDTH="3815"
                    HEIGHT="266">
            <Shape><Polygon POINTS="413 1680 413 1526 1365 1554 1393 1533 1428 1505 1428 1498 1435 1498 1435 1498 1435 1498 1442 1498 1442 1498 1449 1498 2870 1498 2870 1498 2870 1498 2877 1498 2877 1498 2877 1498 2884 1498 2884 1498 2884 1505 2926 1547 2940 1554 2975 1547 3101 1519 3101 1519 3101 1519 3108 1519 3696 1554 3759 1554 3766 1554 3829 1512 3836 1512 3836 1512 3836 1512 3843 1512 3843 1512 3850 1512 3850 1512 3857 1512 3857 1512 3857 1512 3948 1554 3948 1561 4228 1561 4228 1680 4221 1743 1834 1715 1638 1757 1617 1757 1617 1757 1617 1757 1610 1757 1610 1757 1575 1757 1218 1715 1127 1757 1127 1757 1127 1757 1127 1757 1120 1757 1120 1757 1120 1764 413 1764"/></Shape>
	    <String CONTENT="pont afin que son effet acheve de combler ce qui sera"
                    HPOS="413"
                    VPOS="1498"
                    WIDTH="3815"
                    HEIGHT="266"></String>
          </TextLine>

          
          
          <TextLine ID="eSc_line_ca07c2b8"
                    
                    BASELINE="406 1932 2443 1904 4144 1939" 
                    HPOS="385"
                    VPOS="1736"
                    WIDTH="3759"
                    HEIGHT="259">
            <Shape><Polygon POINTS="406 1932 385 1806 518 1736 518 1736 518 1736 525 1736 525 1736 532 1736 532 1736 532 1736 539 1736 539 1736 539 1736 546 1736 616 1785 679 1736 686 1736 686 1736 686 1736 693 1736 693 1736 700 1736 1148 1736 1148 1736 1148 1736 1463 1799 1484 1799 1498 1799 1666 1736 1666 1736 1673 1736 1673 1736 1680 1736 2114 1736 2114 1736 2114 1736 2121 1736 2121 1736 2121 1736 2219 1792 2247 1806 2345 1806 2359 1792 2415 1743 2415 1743 2422 1743 2422 1743 2422 1743 2429 1743 2429 1743 2436 1743 2436 1743 2436 1743 2443 1743 2576 1785 2618 1799 2688 1785 2954 1736 2954 1736 2961 1736 2961 1736 2961 1736 2968 1736 2968 1736 2968 1736 3059 1785 3087 1799 4130 1778 4144 1939 4137 1995 3101 1995 3094 1988 3094 1988 3087 1988 3087 1988 3087 1988 3080 1988 3080 1988 3080 1981 3066 1974 3031 1939 2751 1939 2709 1967 2702 1981 2702 1981 2702 1981 2695 1981 2695 1981 2688 1981 2688 1981 2688 1981 2681 1981 2681 1981 2681 1981 2674 1981 2674 1981 2674 1981 2667 1981 2653 1967 2604 1939 2296 1939 2261 1960 2219 1981 2219 1981 2219 1981 2212 1981 2212 1981 2205 1981 2205 1981 2205 1981 2198 1981 2198 1981 2191 1981 2191 1981 2170 1960 2135 1939 1785 1939 1729 1953 1652 1981 1645 1981 1645 1981 1645 1981 1638 1981 1638 1981 1638 1981 1631 1981 1631 1981 1624 1981 1575 1953 1561 1939 1547 1953 1498 1988 1498 1988 1491 1988 1491 1988 1484 1988 1484 1988 1484 1988 1477 1988 1477 1988 1470 1988 1470 1988 1470 1988 1463 1988 1463 1988 1463 1981 1428 1953 1421 1939 980 1939 966 1939 896 1988 889 1988 889 1988 889 1988 882 1988 882 1988 875 1988 875 1988 875 1988 868 1988 756 1953 539 1988 539 1988 532 1988 532 1988 532 1988 525 1988 525 1988 385 1932"/></Shape>
	    <String CONTENT="resté du courant sinon et au cas qu&#39;il reste quelques"
                    HPOS="385"
                    VPOS="1736"
                    WIDTH="3759"
                    HEIGHT="259"></String>
          </TextLine>

          
          
          <TextLine ID="eSc_line_5aa14d4c"
                    
                    BASELINE="413 2156 2884 2170 4200 2212" 
                    HPOS="413"
                    VPOS="1981"
                    WIDTH="3787"
                    HEIGHT="301">
            <Shape><Polygon POINTS="413 2156 413 2037 588 2037 602 2037 756 1981 763 1981 763 1981 763 1981 770 1981 770 1981 770 1981 777 1981 959 2037 1134 1981 1141 1981 1141 1981 1141 1981 1148 1981 1148 1981 1148 1981 1365 2030 1596 1988 1596 1988 1596 1988 1603 1988 1603 1988 1603 1988 1610 1988 1785 2051 1799 2058 1995 2058 1995 2051 2051 2002 2051 1995 2051 1995 2058 1995 2058 1995 2058 1995 2065 1995 2065 1995 2072 1995 2072 1995 2072 1995 2345 2058 2373 2065 2471 2065 2478 2058 2541 2002 2541 2002 2548 2002 2548 2002 2548 2002 2555 2002 2555 2002 2555 2002 2562 2002 2562 2002 2569 2002 2569 2002 2569 2002 2576 2002 2653 2051 2968 2002 2968 2002 2975 2002 3353 2009 3353 2009 3353 2009 3360 2009 3360 2009 3360 2009 3367 2009 3367 2009 3367 2016 3423 2065 3423 2072 3591 2072 3598 2072 3682 2030 3682 2030 3682 2030 3689 2030 3689 2030 3696 2030 3696 2030 3696 2030 3703 2030 3836 2072 3836 2072 3836 2072 3899 2016 3899 2016 3906 2016 3906 2016 3906 2016 3913 2016 3913 2016 3920 2016 3920 2016 3920 2016 4200 2079 4200 2212 4193 2282 3717 2282 3710 2275 3710 2275 3710 2275 3689 2275 3500 2226 3430 2261 3430 2261 3430 2261 3423 2261 3423 2261 3423 2268 3416 2261 3416 2261 3409 2261 3409 2261 3409 2261 3339 2226 3164 2268 3143 2268 3143 2268 3143 2268 3136 2268 2366 2261 2366 2261 2366 2261 2359 2261 2345 2254 2205 2212 1855 2254 1806 2254 1806 2254 1799 2254 1799 2254 1792 2254 1792 2254 1792 2254 1785 2254 1785 2254 1785 2254 1785 2247 1778 2247 1743 2205 1624 2240 1617 2240 1617 2240 1610 2240 1610 2240 1610 2240 1603 2240 1603 2240 1603 2240 1596 2240 1596 2240 1596 2233 1561 2205 1309 2205 1232 2240 1232 2240 1232 2240 1225 2240 1225 2240 1218 2240 1218 2240 1218 2240 1211 2240 1211 2240 1204 2240 1127 2198 1001 2198 959 2233 959 2240 959 2240 952 2240 952 2240 952 2240 952 2240 945 2240 945 2240 945 2247 574 2247 567 2240 567 2240 560 2240 560 2240 560 2240 553 2240 553 2240 553 2233 511 2198 413 2233"/></Shape>
	    <String CONTENT="partie qui ne le soit pas, faire passer quelques travailleurs"
                    HPOS="413"
                    VPOS="1981"
                    WIDTH="3787"
                    HEIGHT="301"></String>
          </TextLine>

          
          
          <TextLine ID="eSc_line_843eaeab"
                    
                    BASELINE="420 2415 4291 2415" 
                    HPOS="413"
                    VPOS="2226"
                    WIDTH="3892"
                    HEIGHT="280">
            <Shape><Polygon POINTS="420 2415 413 2275 1449 2226 1456 2226 1456 2226 1463 2226 1463 2226 1463 2226 1470 2226 1470 2226 1470 2233 1519 2275 1526 2282 1533 2275 1659 2233 1659 2233 1666 2233 1666 2233 1673 2233 1673 2233 1673 2233 1680 2233 1680 2233 1680 2233 1764 2275 1792 2296 2079 2296 2093 2282 2121 2254 2121 2247 2121 2247 2128 2247 2128 2247 2128 2247 2135 2247 2135 2247 2135 2247 2142 2247 2142 2247 2149 2247 2149 2247 2149 2247 2156 2247 2205 2282 2219 2289 2240 2282 2331 2247 2331 2247 2338 2247 2338 2247 2345 2247 2345 2247 2667 2282 2744 2289 2758 2282 2828 2226 2828 2226 2835 2226 2835 2226 2835 2226 2842 2226 2842 2226 2849 2226 2849 2226 2849 2226 2856 2226 2856 2226 2863 2226 2954 2282 2968 2289 3024 2282 3374 2233 3374 2233 3381 2233 3381 2233 3388 2233 3388 2233 3528 2289 3542 2289 3556 2289 3738 2226 3745 2226 3745 2226 3745 2226 3752 2226 3752 2226 3759 2226 3955 2289 3969 2289 3976 2289 4172 2226 4179 2226 4179 2226 4179 2226 4186 2226 4186 2226 4193 2226 4193 2226 4193 2226 4200 2226 4305 2289 4291 2415 4291 2443 3521 2443 3500 2443 3388 2478 3381 2478 3381 2478 3374 2478 3374 2478 3374 2478 3234 2450 3206 2443 3192 2450 3059 2499 3059 2499 3052 2499 3052 2499 3052 2506 2107 2506 2100 2499 2100 2499 2093 2499 2093 2499 2093 2499 2086 2499 2023 2457 2009 2450 1974 2457 1764 2499 1764 2499 1764 2499 1757 2499 1757 2499 1750 2499 1750 2499 1638 2457 1589 2443 1442 2457 1281 2478 1281 2478 1274 2478 1071 2464 819 2443 777 2464 714 2499 714 2499 714 2499 707 2499 707 2499 700 2499 700 2499 413 2464"/></Shape>
	    <String CONTENT="au pied de la breche qui s&#39;y logeront et y fairont les"
                    HPOS="413"
                    VPOS="2226"
                    WIDTH="3892"
                    HEIGHT="280"></String>
          </TextLine>

          
          
          <TextLine ID="eSc_line_2f20854f"
                    
                    BASELINE="420 2674 3955 2653 4221 2625" 
                    HPOS="392"
                    VPOS="2471"
                    WIDTH="3829"
                    HEIGHT="238">
            <Shape><Polygon POINTS="420 2674 392 2569 497 2499 504 2499 504 2499 504 2499 511 2499 511 2499 511 2499 518 2499 518 2499 525 2499 525 2499 616 2534 679 2492 686 2492 686 2492 686 2492 693 2492 693 2492 700 2492 945 2492 945 2492 945 2492 952 2492 952 2492 952 2492 959 2492 1043 2555 1050 2562 1435 2562 1463 2541 1498 2513 1505 2513 1505 2513 1505 2513 1512 2513 1512 2513 1512 2513 1519 2513 1946 2527 2471 2548 2513 2513 2541 2492 2541 2485 2541 2485 2548 2485 2548 2485 2555 2485 2555 2485 2555 2485 2562 2485 2562 2485 2562 2485 2569 2485 2639 2513 2737 2541 2891 2506 3003 2478 3003 2478 3003 2478 3010 2478 3010 2478 3010 2478 3017 2478 3017 2478 3017 2478 3024 2478 3052 2499 3115 2548 3297 2548 3353 2492 3360 2485 3360 2478 3360 2478 3367 2478 3367 2478 3367 2478 3374 2478 3374 2478 3381 2478 3381 2478 3381 2478 3388 2478 3423 2485 3591 2541 3731 2478 3752 2471 3752 2471 3759 2471 3759 2471 3766 2471 4207 2471 4221 2625 4214 2681 420 2709"/></Shape>
	    <String CONTENT="etablissemens necessaires a pouvoir contribuer a son achevem^t"
                    HPOS="392"
                    VPOS="2471"
                    WIDTH="3829"
                    HEIGHT="238"></String>
          </TextLine>

          
          
          <TextLine ID="eSc_line_a2f696d6"
                    
                    BASELINE="420 2933 2373 2891" 
                    HPOS="406"
                    VPOS="2730"
                    WIDTH="1974"
                    HEIGHT="280">
            <Shape><Polygon POINTS="420 2933 406 2828 623 2821 630 2814 714 2758 721 2758 721 2758 721 2758 728 2758 728 2758 735 2758 735 2758 735 2758 945 2800 1001 2807 1064 2793 1204 2751 1211 2751 1211 2751 1218 2751 1218 2751 1218 2751 1225 2751 1309 2779 1372 2800 1421 2772 1477 2744 1477 2744 1477 2744 1484 2744 1484 2744 1484 2744 1799 2737 1806 2737 1806 2737 1813 2737 1813 2737 1848 2751 1932 2786 2030 2744 2065 2730 2065 2730 2072 2730 2072 2730 2072 2730 2079 2730 2079 2730 2086 2730 2086 2730 2086 2730 2107 2737 2184 2779 2345 2730 2373 2891 2380 2919 2247 2975 2247 2975 2240 2975 2240 2975 2233 2975 2233 2975 1883 2933 1841 2933 1827 2940 1722 2989 1722 2989 1722 2989 1715 2989 1715 2989 1708 2989 1708 2989 1435 2954 1358 2954 770 2954 742 2968 686 3010 679 3010 679 3010 679 3010 672 3010 672 3010 672 3010 665 3010 665 3010 413 2975"/></Shape>
	    <String CONTENT="en y travaillant de leur coté"
                    HPOS="406"
                    VPOS="2730"
                    WIDTH="1974"
                    HEIGHT="280"></String>
          </TextLine>

          
          
          <TextLine ID="eSc_line_489ec474"
                    
                    BASELINE="448 3185 2401 3171 4200 3234" 
                    HPOS="434"
                    VPOS="2996"
                    WIDTH="3773"
                    HEIGHT="301">
            <Shape><Polygon POINTS="448 3185 448 2996 630 3052 777 3003 777 3003 777 3003 784 3003 784 3003 791 3003 791 3003 791 3003 798 3003 798 3003 798 3003 798 3003 896 3052 1015 3017 1022 3017 1022 3017 1022 3017 1029 3017 1029 3017 1330 3066 1477 3024 1491 3017 1498 3017 1498 3017 1498 3017 1505 3017 1505 3017 1512 3017 1512 3017 1512 3017 1526 3024 1596 3059 2065 3038 2471 3017 2478 3017 2478 3017 2478 3017 2485 3017 2485 3017 2562 3052 2625 3080 2660 3052 2688 3031 2688 3031 2695 3031 2695 3031 2702 3031 2702 3031 2702 3031 2709 3031 2709 3031 2709 3031 2716 3031 2716 3031 2716 3031 2758 3052 2807 3080 2961 3059 3178 3031 3178 3031 3185 3031 3185 3031 3192 3031 3192 3031 3192 3031 3269 3066 3311 3087 3465 3073 3619 3059 3626 3059 3626 3059 3864 3080 3983 3094 3997 3087 4053 3052 4060 3052 4060 3052 4067 3052 4067 3052 4067 3052 4074 3052 4074 3052 4074 3052 4081 3052 4207 3094 4200 3234 4193 3262 3633 3297 3626 3297 3626 3297 3626 3297 3619 3297 3472 3255 3451 3248 3423 3255 3304 3290 3297 3290 3297 3290 3297 3290 3290 3290 3290 3290 3283 3290 3283 3290 3283 3290 3276 3290 3276 3290 3227 3248 3213 3234 2877 3234 2800 3241 2520 3283 2520 3283 2513 3283 2513 3283 2513 3283 2506 3283 2506 3283 2506 3283 2499 3283 2499 3283 2499 3276 2457 3234 2443 3227 2317 3227 2303 3234 2226 3269 2226 3269 2226 3269 2219 3269 2219 3269 2212 3269 2212 3269 2212 3269 2016 3234 1960 3276 1960 3276 1953 3276 1953 3276 1953 3276 1946 3276 1946 3276 1939 3276 1939 3276 1939 3276 1932 3276 1932 3276 1925 3276 1925 3276 1925 3269 1925 3269 1883 3227 1876 3220 1848 3227 1666 3262 1666 3262 1659 3262 1659 3262 1253 3213 1211 3213 1204 3213 1162 3255 1162 3262 1162 3262 1155 3262 1155 3262 1155 3262 1148 3262 1148 3262 1141 3262 1141 3262 1141 3262 1134 3262 1134 3262 1134 3262 1050 3220 777 3262 777 3262 770 3262 770 3262 770 3262 763 3262 763 3262 763 3262 756 3262 756 3262 693 3206 434 3199"/></Shape>
	    <String CONTENT="au surplus pour donner quelque mesures sur lesquelles on"
                    HPOS="434"
                    VPOS="2996"
                    WIDTH="3773"
                    HEIGHT="301"></String>
          </TextLine>

          
          
          <TextLine ID="eSc_line_a79443c4"
                    
                    BASELINE="420 3409 4165 3472" 
                    HPOS="406"
                    VPOS="3276"
                    WIDTH="3759"
                    HEIGHT="301">
            <Shape><Polygon POINTS="420 3409 413 3283 2394 3276 2401 3276 2401 3276 2408 3276 2408 3276 2499 3318 2513 3318 2562 3318 2912 3283 2912 3283 2919 3283 2919 3283 3178 3325 3192 3325 3213 3325 3738 3297 3745 3297 3745 3297 3745 3297 3752 3297 3752 3297 3752 3297 3829 3339 3843 3346 4158 3346 4165 3472 4158 3521 3752 3577 3752 3577 3745 3577 2912 3563 2912 3563 2912 3563 2905 3563 2905 3563 2898 3563 2898 3563 2898 3556 2898 3556 2863 3521 2842 3493 2492 3486 1995 3486 1939 3521 1911 3542 1904 3542 1904 3542 1904 3542 1897 3542 1897 3542 1890 3542 1890 3542 1890 3542 1883 3542 1883 3542 1883 3542 1841 3521 1785 3486 1722 3521 1680 3542 1680 3542 1680 3542 1673 3542 1673 3542 1673 3542 1666 3542 1666 3542 1659 3542 1575 3521 1414 3479 1071 3521 966 3528 966 3528 959 3528 406 3514"/></Shape>
	    <String CONTENT="puisse compter et qui puissent servir de regles a ce passage a"
                    HPOS="406"
                    VPOS="3276"
                    WIDTH="3759"
                    HEIGHT="301"></String>
          </TextLine>

          
          
          <TextLine ID="eSc_line_d755d60a"
                    
                    BASELINE="427 3675 1358 3654" 
                    HPOS="406"
                    VPOS="3500"
                    WIDTH="952"
                    HEIGHT="252">
            <Shape><Polygon POINTS="427 3675 406 3563 518 3507 518 3507 525 3507 525 3507 525 3507 805 3500 812 3500 812 3500 819 3500 819 3500 819 3500 903 3542 1204 3507 1204 3507 1211 3507 1211 3507 1218 3507 1351 3542 1358 3654 1351 3696 1036 3752 1036 3752 1029 3752 420 3717"/></Shape>
	    <String CONTENT="nous dirons"
                    HPOS="406"
                    VPOS="3500"
                    WIDTH="952"
                    HEIGHT="252"></String>
          </TextLine>

          
          
          <TextLine ID="eSc_line_6e4827bc"
                    
                    BASELINE="441 3878 3969 3913" 
                    HPOS="434"
                    VPOS="3724"
                    WIDTH="3535"
                    HEIGHT="280">
            <Shape><Polygon POINTS="441 3878 434 3766 1127 3724 1134 3724 1134 3724 1141 3724 1141 3724 1141 3724 1148 3724 1148 3724 1190 3759 1211 3773 1638 3759 2373 3738 2380 3738 2380 3738 2387 3738 2387 3738 2387 3738 2436 3759 2471 3780 2506 3759 2534 3738 2541 3738 2541 3738 2541 3738 2548 3738 2548 3738 2555 3738 2555 3738 2555 3738 2562 3738 2562 3738 2562 3738 2569 3738 2569 3738 2569 3745 2590 3759 2618 3787 2751 3759 2828 3745 2828 3745 2828 3745 2835 3745 2835 3745 2842 3745 2842 3745 2842 3745 2849 3745 2849 3745 2849 3752 2863 3759 2891 3787 3024 3759 3038 3759 3038 3759 3045 3759 3045 3759 3066 3759 3381 3794 3451 3759 3465 3752 3465 3752 3465 3752 3472 3752 3472 3752 3472 3752 3479 3752 3479 3752 3486 3752 3486 3752 3507 3759 3598 3794 3640 3759 3647 3752 3647 3752 3654 3752 3654 3752 3654 3752 3661 3752 3661 3752 3668 3752 3668 3752 3675 3752 3703 3759 3850 3794 3955 3759 3969 3913 3962 3927 3577 3997 3577 3997 3577 4004 3269 4004 3262 3997 3262 3997 3255 3997 3255 3997 3101 3934 3066 3927 2968 3941 2723 3969 2723 3969 2716 3969 2716 3969 2716 3969 2583 3941 2478 3920 2359 3941 2289 3955 2289 3955 2289 3955 2282 3955 2282 3955 2275 3955 2275 3955 2275 3955 2268 3955 2268 3955 2268 3948 2261 3941 2233 3920 1911 3920 1883 3948 1876 3948 1876 3955 1876 3955 1869 3955 1869 3955 1869 3955 1862 3955 1862 3955 1862 3955 1337 3976 1330 3976 1330 3976 1330 3976 1204 3955 980 3906 861 3955 826 3969 826 3969 819 3969 819 3969 812 3969 812 3969 812 3969 805 3969 763 3955 665 3927 434 3955"/></Shape>
	    <String CONTENT="que la 1^er. connoissance sur laquelle on doit etre informé"
                    HPOS="434"
                    VPOS="3724"
                    WIDTH="3535"
                    HEIGHT="280"></String>
          </TextLine>

          
          
          <TextLine ID="eSc_line_7aa56a0d"
                    
                    BASELINE="462 4116 4186 4137" 
                    HPOS="448"
                    VPOS="3962"
                    WIDTH="3738"
                    HEIGHT="294">
            <Shape><Polygon POINTS="462 4116 462 3969 1001 4011 1071 3976 1099 3962 1099 3962 1099 3962 1106 3962 1106 3962 1113 3962 1113 3962 1113 3962 1120 3962 1120 3962 1120 3962 1127 3962 1148 3976 1197 4011 1302 3983 1365 3962 1372 3962 1372 3962 1372 3962 1379 3962 1379 3962 1386 3962 1386 3962 1386 3962 1393 3962 1421 3983 1470 4018 1729 4018 1785 3990 1827 3969 1827 3969 1827 3969 1834 3969 1834 3969 1841 3969 1981 3969 1981 3969 1981 3969 1988 3969 1988 3969 1988 3969 1995 3969 1995 3969 1995 3976 2016 3990 2044 4018 2212 3997 2422 3969 2422 3969 2429 3969 2429 3969 2429 3969 2436 3969 2436 3969 2443 3969 2443 3969 2485 3997 2513 4018 2695 4004 2870 3990 2877 3990 2877 3990 2877 3990 2884 3990 2884 3990 2891 3990 2919 4004 2947 4025 2975 4011 3031 3983 3031 3983 3031 3983 3038 3983 3038 3983 3045 3983 3045 3983 3045 3983 3052 3983 3052 3983 3059 3983 3101 4011 3136 4025 3535 4025 3542 4018 3591 3976 3591 3976 3598 3976 3598 3976 3598 3976 3605 3976 3605 3976 3612 3976 3612 3976 3612 3976 3619 3976 3752 4018 3766 4025 3780 4025 3899 3976 3899 3976 3906 3976 3906 3976 3913 3976 3913 3976 3913 3976 3920 3976 3920 3976 3920 3976 3927 3976 3927 3976 3927 3983 3976 4025 3976 4032 4179 4032 4186 4137 4179 4256 3598 4256 3591 4249 3591 4249 3584 4249 3584 4249 3584 4249 3577 4249 3577 4249 3577 4242 3570 4235 3514 4186 3143 4186 3066 4228 3031 4249 3024 4249 3024 4249 3017 4249 3017 4249 3017 4249 3010 4249 3010 4249 3010 4249 2863 4221 2793 4207 2772 4221 2737 4242 2730 4242 2730 4242 2723 4242 2723 4242 2723 4242 2716 4242 2485 4228 2485 4228 2485 4228 2478 4228 2478 4228 2478 4228 2471 4228 2450 4207 2415 4186 2338 4207 2219 4242 2212 4242 2212 4242 2212 4242 2205 4242 2205 4242 2198 4242 2198 4242 2198 4242 2191 4242 2191 4242 2142 4200 2128 4193 2086 4200 1876 4242 1876 4242 1876 4242 1869 4242 1869 4242 1862 4242 1862 4242 1862 4242 1778 4200 1302 4235 1295 4235 1295 4235 1295 4235 1288 4235 1288 4235 1288 4235 1281 4235 1281 4235 1218 4179 1176 4214 1169 4214 1169 4214 1169 4214 1162 4214 1162 4214 1162 4214 1155 4214 1155 4214 1148 4214 1148 4214 1148 4214 1141 4214 1141 4214 1099 4179 1085 4172 1057 4179 917 4200 917 4200 917 4200 910 4200 448 4158"/></Shape>
	    <String CONTENT="touchant ce passage est principalement de savoir de combien"
                    HPOS="448"
                    VPOS="3962"
                    WIDTH="3738"
                    HEIGHT="294"></String>
          </TextLine>

          
          
          <TextLine ID="eSc_line_bef3b3c9"
                    
                    BASELINE="441 4389 2842 4368" 
                    HPOS="413"
                    VPOS="4200"
                    WIDTH="2429"
                    HEIGHT="252">
            <Shape><Polygon POINTS="441 4389 413 4270 504 4214 511 4214 511 4214 511 4214 518 4214 518 4214 525 4214 525 4214 931 4270 959 4270 966 4270 1050 4214 1057 4214 1057 4214 1064 4214 1064 4214 1064 4214 1071 4214 1071 4214 1407 4263 1470 4214 1470 4207 1477 4207 1477 4207 1477 4207 1484 4207 1484 4207 1491 4207 1603 4207 1603 4207 1603 4207 1610 4207 1610 4207 1610 4207 1617 4207 1617 4207 1617 4214 1673 4263 1673 4270 1778 4270 1778 4263 1876 4221 1876 4221 1883 4221 1883 4221 1883 4221 1890 4221 1890 4221 1890 4221 1897 4221 1897 4221 1904 4221 1904 4221 1939 4249 1981 4214 1981 4207 1981 4207 1988 4207 1988 4207 1988 4207 1995 4207 1995 4207 2002 4207 2002 4207 2247 4235 2289 4200 2289 4200 2296 4200 2296 4200 2296 4200 2303 4200 2303 4200 2310 4200 2310 4200 2828 4263 2842 4368 2842 4417 1253 4417 1239 4417 1141 4452 1134 4452 1134 4452 1134 4452 1127 4452 434 4417"/></Shape>
	    <String CONTENT="l&#39;élevation doit charger les ecluses"
                    HPOS="413"
                    VPOS="4200"
                    WIDTH="2429"
                    HEIGHT="252"></String>
          </TextLine>

          
          
          <TextLine ID="eSc_line_c6175379"
                    
                    BASELINE="448 4634 2275 4662" 
                    HPOS="434"
                    VPOS="4473"
                    WIDTH="1841"
                    HEIGHT="210">
            <Shape><Polygon POINTS="448 4634 455 4473 574 4522 826 4487 896 4480 896 4480 903 4480 903 4480 910 4480 959 4494 1092 4529 1379 4508 1638 4494 1645 4494 1645 4494 1645 4494 1652 4494 1652 4494 1652 4494 1659 4494 1659 4494 1659 4501 1687 4522 1701 4536 1799 4529 2058 4501 2058 4501 2065 4501 2065 4501 2072 4501 2072 4501 2072 4501 2079 4501 2079 4501 2079 4508 2114 4543 2121 4550 2268 4550 2275 4662 2261 4683 434 4669"/></Shape>
	    <String CONTENT="2^e. qu&#39;elle est leur ouvertures"
                    HPOS="434"
                    VPOS="4473"
                    WIDTH="1841"
                    HEIGHT="210"></String>
          </TextLine>

          
          
          <TextLine ID="eSc_line_178d173a"
                    
                    BASELINE="441 4886 2338 4865" 
                    HPOS="413"
                    VPOS="4704"
                    WIDTH="1925"
                    HEIGHT="259">
            <Shape><Polygon POINTS="441 4886 413 4774 504 4718 511 4718 511 4718 511 4718 518 4718 518 4718 525 4718 525 4718 525 4718 742 4760 777 4767 812 4760 945 4718 952 4718 952 4718 959 4718 959 4718 959 4718 966 4718 966 4718 966 4718 1029 4753 1064 4767 1274 4767 1295 4739 1323 4718 1323 4711 1323 4711 1330 4711 1330 4711 1330 4711 1337 4711 1337 4711 1344 4711 1344 4711 1344 4711 1351 4711 1351 4711 1351 4711 1358 4711 1358 4711 1386 4739 1400 4753 1442 4732 1498 4711 1498 4711 1505 4711 1505 4711 1505 4711 1512 4711 1512 4711 1519 4711 1582 4732 1694 4760 2317 4704 2338 4865 2331 4900 1904 4949 1904 4949 1897 4949 1897 4949 1890 4949 1890 4949 1890 4949 1883 4949 1883 4949 1834 4907 1834 4907 1827 4907 1680 4956 1673 4956 1673 4956 1673 4956 1666 4956 1666 4956 1666 4956 1477 4921 1183 4956 1183 4956 1176 4956 812 4921 791 4921 784 4921 679 4963 679 4963 672 4963 672 4963 672 4963 665 4963 665 4963 434 4921"/></Shape>
	    <String CONTENT="3^e. qu&#39;elle est la largeur du fossé"
                    HPOS="413"
                    VPOS="4704"
                    WIDTH="1925"
                    HEIGHT="259"></String>
          </TextLine>

          
          
          <TextLine ID="eSc_line_6b1d5107"
                    
                    BASELINE="427 5096 4417 5117" 
                    HPOS="413"
                    VPOS="4921"
                    WIDTH="4004"
                    HEIGHT="266">
            <Shape><Polygon POINTS="427 5096 427 4942 868 4970 1043 4949 1218 4921 1218 4921 1225 4921 1225 4921 1232 4921 1344 4949 1421 4970 1463 4949 1512 4928 1512 4928 1512 4928 1519 4928 1519 4928 1526 4928 1526 4928 1729 4956 1897 4977 1925 4956 1953 4935 1953 4928 1960 4928 1960 4928 1960 4928 1967 4928 1967 4928 1967 4928 1974 4928 1974 4928 1981 4928 1981 4928 1981 4928 2037 4956 2051 4963 2107 4956 2324 4935 2324 4935 2331 4935 2331 4935 2338 4935 2338 4935 2338 4935 2345 4935 2345 4935 2373 4963 2373 4963 2380 4963 2415 4928 2415 4928 2422 4928 2422 4928 2422 4928 2429 4928 2429 4928 2436 4928 3087 4928 3087 4928 3087 4928 3094 4928 3094 4928 3094 4928 3185 4970 3297 4935 3304 4935 3304 4935 3304 4935 3311 4935 3311 4935 3318 4935 3318 4935 3318 4935 3325 4935 3325 4935 3374 4977 3388 4991 4410 4991 4417 5117 4410 5145 3864 5187 3857 5187 3192 5145 3087 5145 3024 5145 2702 5180 2702 5180 2695 5180 2695 5180 2688 5180 2562 5145 2534 5145 2499 5145 2282 5180 2282 5180 2275 5180 2275 5180 2275 5180 2086 5145 2051 5145 2016 5145 1799 5180 1799 5180 1792 5180 1792 5180 1792 5180 1645 5145 1589 5138 1491 5145 1281 5173 1281 5173 1274 5173 413 5145"/></Shape>
	    <String CONTENT="4^e. quel volume d&#39;eau il charrie quand les ecluses sont ouvertes"
                    HPOS="413"
                    VPOS="4921"
                    WIDTH="4004"
                    HEIGHT="266"></String>
          </TextLine>

          
          
          <TextLine ID="eSc_line_2f7677be"
                    
                    BASELINE="434 5348 2821 5348 4375 5404" 
                    HPOS="420"
                    VPOS="5152"
                    WIDTH="3955"
                    HEIGHT="287">
            <Shape><Polygon POINTS="434 5348 427 5201 630 5159 630 5159 630 5159 637 5159 637 5159 644 5159 644 5159 644 5159 651 5159 714 5201 749 5229 910 5229 938 5208 1008 5159 1015 5159 1015 5159 1015 5159 1022 5159 1022 5159 1029 5159 1029 5159 1029 5159 1036 5159 1036 5159 1036 5159 1043 5159 1043 5159 1099 5208 1127 5236 1372 5236 1393 5215 1456 5159 1456 5152 1456 5152 1463 5152 1463 5152 1470 5152 1470 5152 1470 5152 1477 5152 1477 5152 1484 5152 1722 5222 1785 5236 1841 5222 2044 5159 2051 5159 2051 5159 2051 5159 2058 5159 2058 5159 2422 5208 2527 5166 2527 5166 2534 5166 2534 5166 2541 5166 2926 5166 2926 5166 2926 5166 3178 5201 3353 5173 3353 5173 3353 5173 3360 5173 3360 5173 3367 5173 3367 5173 3367 5173 3374 5173 3374 5173 3465 5243 3472 5257 3619 5257 3626 5250 3780 5180 3780 5180 3787 5180 3787 5180 3787 5180 3794 5180 3794 5180 3801 5180 3801 5180 3990 5257 4004 5264 4368 5264 4375 5404 4361 5439 420 5390"/></Shape>
	    <String CONTENT="5^e. de quelle profondeur il est quand les eaux y ??rent de pleine"
                    HPOS="420"
                    VPOS="5152"
                    WIDTH="3955"
                    HEIGHT="287"></String>
          </TextLine>

          
          
          <TextLine ID="eSc_line_591e376b"
                    
                    BASELINE="420 5565 917 5565" 
                    HPOS="413"
                    VPOS="5397"
                    WIDTH="504"
                    HEIGHT="203">
            <Shape><Polygon POINTS="420 5565 413 5425 588 5397 588 5397 595 5397 595 5397 595 5397 602 5397 602 5397 602 5397 609 5397 609 5397 609 5404 644 5432 672 5460 910 5453 917 5565 917 5600 420 5600"/></Shape>
	    <String CONTENT="force"
                    HPOS="413"
                    VPOS="5397"
                    WIDTH="504"
                    HEIGHT="203"></String>
          </TextLine>

          
          
          <TextLine ID="eSc_line_7f430ef9"
                    
                    BASELINE="434 5740 4193 5775" 
                    HPOS="420"
                    VPOS="5558"
                    WIDTH="3773"
                    HEIGHT="287">
            <Shape><Polygon POINTS="434 5740 427 5600 693 5558 693 5558 700 5558 700 5558 700 5558 707 5558 861 5600 924 5621 966 5607 1064 5558 1064 5558 1064 5558 1071 5558 1071 5558 1078 5558 1491 5565 1491 5565 1491 5565 1498 5565 1498 5565 1498 5565 1505 5565 1505 5565 1505 5572 1554 5614 1554 5621 1715 5628 1778 5614 1974 5572 1974 5572 1974 5572 1981 5572 1981 5572 1981 5572 1988 5572 2135 5621 2177 5635 2212 5621 2310 5586 2310 5586 2317 5586 2317 5586 2324 5586 2324 5586 2324 5586 2331 5586 2331 5586 2338 5586 2338 5586 2338 5593 2380 5628 2394 5635 2471 5628 2702 5600 2702 5600 2709 5600 2709 5600 2716 5600 2835 5635 2870 5642 2898 5635 3010 5586 3010 5586 3017 5586 3017 5586 3017 5586 3024 5586 3024 5586 3031 5586 3031 5586 3031 5586 3038 5586 3115 5635 3115 5635 3122 5635 3339 5607 3339 5607 3346 5607 3346 5607 3346 5607 3353 5607 3353 5607 3353 5607 3360 5607 3360 5607 3395 5642 3395 5642 3402 5642 3542 5593 3549 5593 3549 5593 3549 5593 3556 5593 3556 5593 3563 5593 3563 5593 3703 5642 3710 5649 3724 5649 3808 5614 3808 5614 3815 5614 3815 5614 3822 5614 3822 5614 3822 5614 3829 5614 3829 5614 3829 5614 3836 5614 3836 5614 3836 5621 3864 5649 3871 5656 4186 5656 4193 5775 4193 5796 4060 5845 4060 5845 4053 5845 4053 5845 4046 5845 2842 5838 2842 5838 2842 5838 2835 5838 2681 5789 1988 5831 1981 5831 1981 5831 1981 5831 1974 5831 1974 5831 1848 5782 1470 5824 1470 5824 1463 5824 1001 5775 679 5817 679 5817 672 5817 672 5817 672 5817 420 5761"/></Shape>
	    <String CONTENT="6^e. a quelle hauteur elles peuvent monter dans le lieu ou"
                    HPOS="420"
                    VPOS="5558"
                    WIDTH="3773"
                    HEIGHT="287"></String>
          </TextLine>

          
          
          <TextLine ID="eSc_line_ddc4863c"
                    
                    BASELINE="427 5964 2254 5985" 
                    HPOS="406"
                    VPOS="5789"
                    WIDTH="1848"
                    HEIGHT="287">
            <Shape><Polygon POINTS="427 5964 427 5789 826 5796 826 5796 826 5796 833 5796 847 5803 987 5845 1099 5810 1120 5803 1127 5803 1127 5803 1127 5803 1134 5803 1134 5803 1141 5803 1141 5803 1169 5810 1281 5852 1414 5817 1498 5803 1498 5803 1498 5803 1505 5803 1505 5803 1512 5803 1512 5803 1575 5824 1673 5859 2247 5852 2254 5985 2247 6027 1652 6076 1645 6076 1645 6076 1645 6076 1638 6076 1638 6076 1491 6013 1477 6013 1470 6013 1295 6069 1288 6069 1288 6069 1288 6069 1281 6069 1281 6069 1274 6069 1274 6069 1127 6013 644 6055 644 6055 637 6055 637 6055 630 6055 406 5992"/></Shape>
	    <String CONTENT="l&#39;on veut faire son passage"
                    HPOS="406"
                    VPOS="5789"
                    WIDTH="1848"
                    HEIGHT="287"></String>
          </TextLine>

          
          
          <TextLine ID="eSc_line_df680b17"
                    
                    BASELINE="420 6181 4305 6265" 
                    HPOS="406"
                    VPOS="5999"
                    WIDTH="3899"
                    HEIGHT="350">
            <Shape><Polygon POINTS="420 6181 413 6055 728 5999 728 5999 735 5999 735 5999 735 5999 742 5999 742 5999 742 5999 847 6055 1232 6020 1232 6020 1239 6020 1239 6020 1246 6020 1246 6020 1246 6020 1253 6020 1309 6062 1400 6020 1400 6020 1407 6020 1407 6020 1407 6020 1414 6020 1414 6020 1778 6076 1841 6027 1841 6020 1848 6020 1848 6020 1848 6020 1855 6020 1855 6020 1862 6020 2016 6020 2016 6020 2681 6034 2681 6034 2681 6034 2688 6034 2688 6034 2688 6034 2695 6034 2695 6034 2695 6041 2758 6097 2758 6097 2765 6097 3269 6048 3269 6048 3276 6048 3276 6048 3283 6048 3283 6048 3444 6111 4298 6132 4305 6265 4298 6300 3997 6349 3997 6349 3990 6349 3990 6349 3444 6286 3325 6272 2541 6265 2506 6272 2401 6314 2401 6314 2394 6314 2394 6314 2387 6314 2387 6314 2387 6314 2135 6265 2037 6251 2016 6265 1967 6300 1960 6300 1960 6300 1960 6300 1953 6300 1953 6300 1953 6307 1722 6307 1715 6300 1715 6300 1470 6258 1379 6244 1295 6258 1071 6286 1071 6286 1064 6286 406 6237"/></Shape>
	    <String CONTENT="Supposons apres cela une charge d&#39;eau sur les ecluses de"
                    HPOS="406"
                    VPOS="5999"
                    WIDTH="3899"
                    HEIGHT="350"></String>
          </TextLine>

          
          
          <TextLine ID="eSc_line_e254d285"
                    
                    BASELINE="434 6412 4270 6496" 
                    HPOS="413"
                    VPOS="6293"
                    WIDTH="3857"
                    HEIGHT="280">
            <Shape><Polygon POINTS="434 6412 434 6293 2352 6293 2352 6293 2352 6293 2359 6293 2499 6335 2513 6335 2555 6335 3038 6314 3045 6314 3045 6314 3045 6314 3052 6314 3052 6314 3052 6314 3059 6314 3059 6314 3059 6321 3087 6349 3094 6356 3444 6356 3451 6356 3521 6321 3521 6321 3521 6321 3528 6321 3528 6321 3535 6321 3535 6321 3535 6321 3542 6321 3542 6321 3542 6321 3549 6321 3549 6321 3549 6328 3584 6356 3584 6363 4270 6377 4270 6496 4256 6573 4018 6524 3682 6559 3633 6559 3633 6559 3626 6559 3626 6559 3619 6559 3619 6559 3619 6559 3605 6552 3500 6503 3332 6538 3332 6538 3332 6538 3325 6538 3325 6538 3318 6538 3318 6538 3318 6538 3311 6538 3311 6538 3311 6531 3304 6531 3276 6496 2933 6517 2933 6517 2926 6517 2240 6475 2184 6510 2149 6524 2149 6524 2149 6524 2142 6524 2142 6524 2142 6524 2135 6524 2135 6524 2128 6524 2128 6524 2072 6503 2002 6475 1939 6496 1869 6524 1869 6524 1862 6524 1862 6524 1855 6524 1855 6524 1855 6524 1848 6524 1848 6524 1848 6524 1792 6496 1743 6468 1484 6482 1078 6510 1071 6510 518 6496 518 6496 518 6496 511 6496 511 6496 413 6447"/></Shape>
	    <String CONTENT="6. pieds de haut de 4. de profondeur ordinaires au bas des memes"
                    HPOS="413"
                    VPOS="6293"
                    WIDTH="3857"
                    HEIGHT="280"></String>
          </TextLine>

          
          
          <TextLine ID="eSc_line_ca7c84da"
                    
                    BASELINE="427 6678 3850 6741 4403 6776" 
                    HPOS="413"
                    VPOS="6531"
                    WIDTH="3990"
                    HEIGHT="280">
            <Shape><Polygon POINTS="427 6678 420 6545 924 6531 931 6531 931 6531 931 6531 938 6531 938 6531 945 6531 945 6531 945 6531 973 6552 980 6559 987 6552 1022 6531 1029 6531 1029 6531 1029 6531 1036 6531 1036 6531 1043 6531 1043 6531 1043 6531 1176 6559 1274 6580 1386 6566 1498 6552 1498 6552 1505 6552 1505 6552 1701 6573 1897 6594 2072 6580 2387 6559 2394 6559 2394 6559 2394 6559 2541 6594 2611 6608 2702 6601 2954 6566 2954 6566 2961 6566 2961 6566 2968 6566 2968 6566 2968 6566 2975 6566 2975 6566 2975 6573 3010 6608 3024 6615 3073 6608 3262 6573 3262 6573 3269 6573 3269 6573 3269 6573 3276 6573 3276 6573 3276 6573 3283 6573 3283 6580 3325 6615 3339 6629 4396 6643 4403 6776 4389 6811 413 6720"/></Shape>
	    <String CONTENT="ecluses et de 2. pieds de pente depuis l&#39;ecluse jusqu&#39;au passage"
                    HPOS="413"
                    VPOS="6531"
                    WIDTH="3990"
                    HEIGHT="280"></String>
          </TextLine>

          
          
          <TextLine ID="eSc_line_41712657"
                    
                    BASELINE="441 6944 2450 7014 4249 7021" 
                    HPOS="420"
                    VPOS="6790"
                    WIDTH="3829"
                    HEIGHT="315">
            <Shape><Polygon POINTS="441 6944 420 6832 483 6790 490 6790 490 6790 490 6790 497 6790 497 6790 504 6790 1190 6804 1190 6804 1190 6804 1197 6804 1197 6804 1323 6853 1351 6867 1379 6860 1477 6811 1477 6811 1484 6811 1484 6811 1484 6811 1491 6811 1491 6811 1491 6811 1498 6811 1498 6811 1505 6811 1589 6860 1617 6874 1932 6867 2527 6860 2534 6860 2534 6860 2695 6888 2737 6895 2744 6888 2800 6853 2807 6853 2807 6853 2807 6853 2814 6853 2814 6853 2821 6853 2821 6853 2821 6853 3010 6895 3045 6902 3080 6895 3360 6853 3360 6853 3367 6853 3367 6853 3367 6853 3374 6853 3374 6853 3381 6853 3381 6853 3381 6860 3437 6909 3444 6909 3472 6909 3878 6860 3878 6860 3885 6860 3885 6860 4249 6930 4249 7021 4235 7056 3731 7056 3654 7105 3647 7105 3647 7105 3647 7105 3640 7105 3640 7105 3633 7105 3633 7105 3633 7105 3626 7105 3507 7070 3304 7091 3304 7091 3297 7091 3297 7091 3297 7091 3290 7091 3290 7091 3283 7091 3283 7091 3283 7084 3234 7042 3108 7091 3108 7091 3101 7091 3101 7091 3094 7091 3094 7091 2800 7056 2590 7084 2590 7084 2583 7084 2583 7084 2156 7035 1925 7070 1925 7070 1918 7070 1918 7070 1918 7070 1610 7014 1547 7007 1519 7014 1456 7035 1449 7035 1449 7035 1449 7035 1442 7035 1064 7007 868 6993 847 7000 798 7042 798 7042 791 7042 791 7042 784 7042 784 7042 784 7049 602 7049 595 7042 595 7042 588 7042 588 7042 588 7042 581 7042 581 7042 581 7035 574 7035 546 7000 539 6993 434 6993"/></Shape>
	    <String CONTENT="du fossé le tout faira 12. pieds auxquels il en faut ajouter"
                    HPOS="420"
                    VPOS="6790"
                    WIDTH="3829"
                    HEIGHT="315"></String>
          </TextLine>

          
          
          <TextLine ID="eSc_line_4c1b1ad7"
                    
                    BASELINE="448 7245 4312 7287" 
                    HPOS="420"
                    VPOS="7077"
                    WIDTH="3892"
                    HEIGHT="280">
            <Shape><Polygon POINTS="448 7245 441 7105 1085 7077 1092 7077 1092 7077 1099 7077 1099 7077 1197 7112 1281 7147 1477 7147 1505 7112 1540 7091 1540 7084 1547 7084 1547 7084 1547 7084 1554 7084 1554 7084 1561 7084 1729 7084 1729 7084 1729 7084 1736 7084 1736 7084 1827 7119 1897 7147 2023 7119 2177 7091 2177 7091 2177 7091 2184 7091 2184 7091 2457 7126 2660 7154 2807 7133 2856 7126 2856 7126 2863 7126 2863 7126 2954 7133 3220 7161 3269 7140 3318 7112 3318 7112 3318 7112 3325 7112 3325 7112 3325 7112 3332 7112 3332 7112 3339 7112 3339 7112 3416 7140 3479 7161 4305 7154 4312 7287 4305 7315 3031 7357 3024 7357 1813 7287 1722 7287 1456 7287 1456 7287 1330 7336 1330 7336 1323 7336 1323 7336 1323 7336 1316 7336 1316 7336 1309 7336 1309 7336 1309 7336 1197 7287 1057 7322 1050 7322 1050 7322 1043 7322 1043 7322 1043 7322 1036 7322 1036 7322 1036 7322 1029 7322 1029 7322 987 7280 665 7280 539 7329 539 7329 532 7329 532 7329 532 7329 525 7329 525 7329 518 7329 518 7329 518 7329 511 7329 420 7273"/></Shape>
	    <String CONTENT="2. pour suplement d&#39;elevation de la digne ce qui faira 14. en tout"
                    HPOS="420"
                    VPOS="7077"
                    WIDTH="3892"
                    HEIGHT="280"></String>
          </TextLine>

          
          
          <TextLine ID="eSc_line_cc2a9a3c"
                    
                    BASELINE="434 7504 4354 7581" 
                    HPOS="434"
                    VPOS="7336"
                    WIDTH="3920"
                    HEIGHT="322">
            <Shape><Polygon POINTS="434 7504 434 7336 994 7350 994 7350 994 7350 1001 7350 1001 7350 1001 7350 1008 7350 1008 7350 1008 7350 1071 7406 1421 7406 1470 7371 1477 7364 1477 7357 1477 7357 1484 7357 1484 7357 1491 7357 1491 7357 1491 7357 1498 7357 1498 7357 1505 7357 1561 7371 1673 7399 1743 7378 1778 7364 1778 7364 1785 7364 1785 7364 1792 7364 1792 7364 1792 7364 1799 7364 1799 7364 1806 7364 1806 7364 1827 7378 1876 7420 2009 7385 2072 7371 2079 7371 2079 7371 2086 7371 2086 7371 2086 7371 2093 7371 2156 7392 2261 7427 2506 7406 2576 7399 2583 7399 2583 7399 2716 7413 3024 7441 3122 7427 3248 7399 3248 7399 3248 7399 3255 7399 3255 7399 3262 7399 3262 7399 3262 7399 3269 7399 3269 7399 3269 7406 3297 7427 3318 7455 3451 7455 3500 7434 3633 7399 3640 7399 3640 7399 3647 7399 3647 7399 3647 7399 3654 7399 3654 7399 3773 7448 3794 7455 3815 7448 3885 7413 3885 7413 3885 7413 3892 7413 3892 7413 3899 7413 3899 7413 4354 7469 4354 7581 4340 7630 4193 7609 4158 7630 4130 7658 4130 7658 4123 7658 4123 7658 4123 7658 4116 7658 4116 7658 4109 7658 4109 7658 4109 7658 4102 7658 4102 7658 4102 7658 4095 7658 4095 7658 4060 7630 4032 7602 3948 7630 3941 7630 3934 7630 3934 7630 3934 7630 3927 7630 3864 7630 3493 7595 3325 7623 3206 7637 3206 7637 3199 7637 2569 7630 2569 7630 2569 7630 2562 7630 2562 7630 2562 7630 2520 7609 2429 7567 2289 7609 2226 7623 2219 7623 2219 7623 2212 7623 2212 7623 2212 7623 2205 7623 2205 7623 2205 7623 2198 7623 2177 7602 2114 7560 1820 7553 1715 7595 1715 7595 1708 7595 1708 7595 1708 7595 1701 7595 1701 7595 1701 7595 1498 7553 1400 7595 1386 7602 1386 7602 1379 7602 1379 7602 1379 7602 1372 7602 1372 7602 1288 7595 861 7539 644 7567 644 7567 637 7567 637 7567 637 7567 630 7567 630 7567 630 7567 623 7567 623 7567 623 7560 588 7532 434 7581"/></Shape>
	    <String CONTENT="pour l&#39;élevation totale de la digue a quoy il faut au moins"
                    HPOS="434"
                    VPOS="7336"
                    WIDTH="3920"
                    HEIGHT="322"></String>
          </TextLine>

          
          
          <TextLine ID="eSc_line_c6b0a026"
                    
                    BASELINE="476 7784 4340 7840" 
                    HPOS="469"
                    VPOS="7602"
                    WIDTH="3871"
                    HEIGHT="336">
            <Shape><Polygon POINTS="476 7784 490 7602 602 7679 819 7679 945 7609 945 7609 945 7609 945 7609 952 7609 952 7609 952 7609 959 7609 1085 7609 1120 7616 1120 7616 1120 7616 1127 7616 1127 7616 1134 7616 1239 7679 1421 7616 1428 7616 1435 7616 1435 7616 1435 7616 1442 7616 1722 7623 1722 7623 1722 7623 1722 7623 1729 7623 1729 7623 1736 7623 1841 7686 1995 7637 2002 7637 2002 7637 2002 7637 2009 7637 2009 7637 2016 7637 2016 7637 2016 7637 2023 7637 2023 7637 2023 7644 2079 7700 2296 7700 2380 7630 2380 7630 2387 7630 2387 7630 2387 7630 2387 7630 2394 7630 2394 7630 2401 7630 2401 7630 2401 7630 2408 7630 2408 7630 2408 7630 2408 7630 2415 7630 2513 7700 2576 7658 2583 7658 2583 7658 2590 7658 2590 7658 2590 7658 2597 7658 2597 7658 2604 7658 2604 7658 2604 7658 2688 7700 3052 7672 3059 7672 3059 7672 3059 7672 3066 7672 3178 7707 3304 7651 3304 7651 3311 7651 3311 7651 3311 7651 3318 7651 3318 7651 3318 7651 3325 7651 3325 7651 3332 7651 3332 7651 3423 7721 3556 7721 3640 7651 3640 7651 3647 7651 3647 7651 3647 7651 3654 7651 3654 7651 3661 7651 3661 7651 3661 7651 3668 7651 3668 7651 3675 7651 3675 7651 3675 7658 3731 7707 4018 7721 4333 7658 4340 7840 4326 7882 3675 7882 3647 7882 3444 7938 3437 7938 3437 7938 3430 7938 3430 7938 3430 7938 3423 7938 3423 7938 3290 7882 3283 7882 3276 7882 3206 7931 3199 7931 3199 7931 3199 7931 3192 7931 3192 7931 3185 7931 2807 7924 2807 7924 2807 7924 2800 7924 2800 7924 2800 7924 2793 7924 2793 7924 2751 7882 2751 7882 2751 7882 2695 7924 2688 7924 2688 7924 2688 7924 2681 7924 2681 7924 2674 7924 2674 7924 2674 7924 2667 7924 2548 7882 2534 7882 2520 7882 2436 7924 2436 7924 2429 7924 2429 7924 2429 7924 2422 7924 2422 7924 2415 7924 2275 7889 1589 7910 1582 7910 1582 7910 1582 7910 1575 7910 1575 7910 1519 7882 1428 7847 1239 7847 1183 7882 1162 7903 1162 7903 1155 7903 1155 7903 1148 7903 1148 7903 1148 7903 1141 7903 1141 7903 1141 7903 1134 7903 1078 7882 945 7840 469 7882"/></Shape>
	    <String CONTENT="donner le double d&#39;epaisseur faisant 28. pieds si on veut"
                    HPOS="469"
                    VPOS="7602"
                    WIDTH="3871"
                    HEIGHT="336"></String>
          </TextLine>

          
        </TextBlock>
        
        <TextBlock HPOS="4153"
                   VPOS="298"
                   WIDTH="268"
                   HEIGHT="222"
                   ID="eSc_textblock_1a8564bb"
                   TAGREFS="BT2740">
          <Shape><Polygon POINTS="4153 298 4153 520 4421 520 4421 298"/></Shape>
          
          
          <TextLine ID="eSc_line_764fbf72"
                    
                    BASELINE="4187 497 4364 504" 
                    HPOS="4179"
                    VPOS="301"
                    WIDTH="182"
                    HEIGHT="273">
            <Shape><Polygon POINTS="4326 301 4263 301 4186 301 4186 497 4179 574 4354 539 4361 504 4354 301 4326 301"/></Shape>
	    <String CONTENT="111"
                    HPOS="4179"
                    VPOS="301"
                    WIDTH="182"
                    HEIGHT="273"></String>
          </TextLine>

          
        </TextBlock>
        

        
      </PrintSpace>
    </Page>
  </Layout>
</alto>
