5000 7990
713 206 280 226 18

1040 372 3360 260 souvent les terres sont dures et melées de tuf, cailloux et

1113 193 3333 313 des pays bas rarement sont ils propres ailleurs parce que

1053 532 3207 286 pierrailles ou ils ne sont pas d'un bon usage les pieces

1040 692 3373 286 a boyaux qui ont une pioche d'un côté et une pointe

1040 858 3246 280 de l'autre sont bons meslés parmis les tranchées ou les ---

1053 1045 3267 280 pioches communes, les peles de fer appellées ecouppes

1046 1218 3227 253 ne sont pas mauvaises quand elles ont une bonne douille

1020 1384 3286 287 et qu'elles sont bien enmanchées, les beches un peu plus

1040 1538 3393 299 longues qui s'enfoncent dans terre avec les pieds ne sont

1053 1744 3280 260 pas mauvaises parce qu'elles enlevent la terre et font

1046 1897 3174 280 escavation du même coup, les pelles de bois ferrées

1053 2084 3247 266 sont bonnes parce qu'elles prennent beaucoup de terre

1046 2230 3274 300 ala fois mais elles se cassent facilement les moindres

1020 2430 3313 286 de toutes sont les pelles de bois non ferreés parce qu'elles

1000 2630 3386 279 sont tres cassantes, et de peu de durée toutes ces sortes

1020 2809 3306 293 d'outils sont bons pour la terre et rocailles les

1033 2982 3267 273 suivant sont pour les bois savoir, serpes, haches

1020 3156 3326 293 communes, scies, de toutes especes, cizeaux, fermoirs

1026 3309 3407 386 terrieres, de toute grandeur, hachette, doloires, herminettes,

1026 3562 3367 266 et tant d'autres outils appartenants a la charpenterie

1033 3768 3433 280 et serrurie desquels il doit y avoir plusieurs boutiques

1013 3975 3413 253 complettes dans le parc même des tourneurs pour faire

1040 4154 3366 280 les porte feux de bombes et des grenades, plateaux de

1026 4341 3380 299 bois pour les pieces, tampons pour les mortiers les canons

1046 4534 3400 313 il doit y avoir de plus des outils de mineurs pour la

1033 4740 3420 287 terre franche, le roc, le tuf, les murs, et tous ces sortes

1020 4913 3580 327 d'outils doivent etre bien emmenchez [[setirent]] pour l'ordinaire

1006 5120 3460 326 des magazins du roy ou ily en a des grandes quantités

1053 5326 3360 273 de longue main assemblée à loisir pour etre bons ils

1020 5519 3446 273 doivent etre du poids de 4. a 5. livre, fabriqués de tres

1000 5692 3433 287 bons fer et bonne trempe et bien acerez sur les tranchants

1006 5899 3367 293 et les pointes bien renforcées avec des bonnes et fortes

960 6099 3580 306 douilles a la teste ce qui se voit rarement parce que cela

993 6305 3533 266 seprend a des prix faits, et qu'on ne tient pas la main avec

1026 6505 2374 259 assez dexactitude a leur fabrication

986 6724 3400 327 j'ay crû devoir expliquer la quantité des outils

1033 6977 3407 287 plus necessaires aux sieges parceque souve>nt< ceux

1020 7184 3366 279 qu'on tire des magazins du Roy se trouvent fort mauvais
