<?xml version="1.0" encoding="UTF-8"?>
<alto xmlns:xsi="http://www.w3.org/2001/XMLSchema-instance"
      xmlns="http://www.loc.gov/standards/alto/ns-v4#"
      xsi:schemaLocation="http://www.loc.gov/standards/alto/ns-v4# http://www.loc.gov/standards/alto/v4/alto-4-2.xsd">
  <Description>
    <MeasurementUnit>pixel</MeasurementUnit>
    <sourceImageInformation>
      <fileName>SIL-39088003342490_0066.jpg</fileName>
      
    </sourceImageInformation>
  </Description>
  
  <Tags>
    <OtherTag ID="BT2742" LABEL="MarginTextZone" DESCRIPTION="block type MarginTextZone"/><OtherTag ID="BT2741" LABEL="GraphicZone" DESCRIPTION="block type GraphicZone"/><OtherTag ID="BT2740" LABEL="NumberingZone" DESCRIPTION="block type NumberingZone"/><OtherTag ID="BT2739" LABEL="MainZone" DESCRIPTION="block type MainZone"/>
    <OtherTag ID="LT974" LABEL="DropCapitalLine" DESCRIPTION="line type DropCapitalLine"/><OtherTag ID="LT973" LABEL="HeadingLine:rubric" DESCRIPTION="line type HeadingLine:rubric"/><OtherTag ID="LT972" LABEL="HeadingLine:title" DESCRIPTION="line type HeadingLine:title"/><OtherTag ID="LT971" LABEL="HeadingLine" DESCRIPTION="line type HeadingLine"/><OtherTag ID="LT970" LABEL="DefaultLine" DESCRIPTION="line type DefaultLine"/>
  </Tags>
  
  <Layout>
    <Page WIDTH="5000"
          HEIGHT="8188"
          PHYSICAL_IMG_NR="4"
          ID="eSc_dummypage_">
      <PrintSpace HPOS="0"
                  VPOS="0"
                  WIDTH="5000"
                  HEIGHT="8188">
        
        <TextBlock HPOS="578"
                   VPOS="197"
                   WIDTH="538"
                   HEIGHT="430"
                   ID="eSc_textblock_a6dbeaab"
                   TAGREFS="BT2740">
          <Shape><Polygon POINTS="578 197 578 627 1116 627 1116 197"/></Shape>
          
          
          <TextLine ID="eSc_line_3980a0ed"
                    TAGREFS="LT970"
                    BASELINE="769 481 1053 481" 
                    HPOS="765"
                    VPOS="300"
                    WIDTH="286"
                    HEIGHT="320">
            <Shape><Polygon POINTS="765 477 765 620 1051 566 1051 477 1051 341 949 300 942 300 935 300 928 300 765 368 765 477"/></Shape>
	    <String CONTENT="60"
                    HPOS="765"
                    VPOS="300"
                    WIDTH="286"
                    HEIGHT="320"></String>
          </TextLine>

          
        </TextBlock>
        
        <TextBlock HPOS="1010"
                   VPOS="289"
                   WIDTH="3682"
                   HEIGHT="7046"
                   ID="eSc_textblock_454a006f"
                   TAGREFS="BT2739">
          <Shape><Polygon POINTS="2322 382 4392 382 4501 1337 4446 1958 4692 2968 4392 3268 3435 3350 4446 3520 4556 3630 4556 5342 4419 5451 3415 5424 2978 5479 2971 5561 3408 5622 3299 5697 3524 5731 4474 5649 4583 5922 4610 6932 4501 7335 1010 7225 1120 655 1110 508 1161 394 1294 289"/></Shape>
          
          
          <TextLine ID="eSc_line_bf2fabd0"
                    TAGREFS="LT970"
                    BASELINE="1174 534 4344 600" 
                    HPOS="1161"
                    VPOS="320"
                    WIDTH="3176"
                    HEIGHT="321">
            <Shape><Polygon POINTS="3968 382 3900 382 3893 382 3668 423 3606 382 3558 382 3504 382 3449 395 3408 382 3353 382 3299 382 3244 423 3155 382 3148 382 3080 382 3012 382 2991 382 2930 402 2834 382 2807 382 2739 382 2711 382 2643 402 2520 382 2465 382 2397 382 2329 382 2260 375 2219 368 2192 395 2144 354 2124 354 2062 347 1912 395 1516 320 1509 320 1502 320 1495 320 1386 388 1379 388 1168 388 1168 532 1161 552 4323 641 4337 593 4337 450 4077 450 4071 443 4002 382 3968 382"/></Shape>
	    <String CONTENT="6^e. Renouveller tous les jours la disposition des"
                    HPOS="1161"
                    VPOS="320"
                    WIDTH="3176"
                    HEIGHT="321"></String>
          </TextLine>

          
          
          <TextLine ID="eSc_line_dd5bf3ef"
                    TAGREFS="LT970"
                    BASELINE="1147 702 3278 764 4398 846" 
                    HPOS="1133"
                    VPOS="511"
                    WIDTH="3265"
                    HEIGHT="382">
            <Shape><Polygon POINTS="1147 702 1133 566 1290 511 1297 511 1297 511 1297 511 1304 511 1304 511 1311 511 1550 579 1564 579 1591 579 1830 559 1830 559 1837 559 1837 559 2076 600 2110 600 2124 600 2260 545 2260 545 2267 545 2267 545 2274 545 2581 559 2581 559 2581 559 2588 559 2588 559 2595 559 2595 559 2595 566 2595 566 2643 614 2718 566 2725 566 2725 566 2725 566 2732 566 2732 566 2739 566 2739 566 2739 566 2745 566 2745 566 2896 627 2903 627 2923 627 3066 607 3066 607 3073 607 3073 607 3073 607 3210 634 3237 641 3258 641 3504 593 3504 593 3504 593 3510 593 3934 614 3934 614 3934 614 3941 614 3941 614 3948 614 4030 668 4057 682 4398 682 4398 846 4385 893 3647 818 3483 852 3483 852 3483 852 3476 852 3476 852 3476 852 3469 852 3469 852 3463 852 3463 852 3463 846 3408 805 2848 818 2841 818 2841 818 2834 818 2834 818 2834 818 2827 818 2827 818 2780 784 2028 784 2021 784 2021 784 2015 784 1878 750 1140 771"/></Shape>
	    <String CONTENT="gardes a casue de l&#39;avancement des tranchées et les"
                    HPOS="1133"
                    VPOS="511"
                    WIDTH="3265"
                    HEIGHT="382"></String>
          </TextLine>

          
          
          <TextLine ID="eSc_line_2713a7ee"
                    TAGREFS="LT970"
                    BASELINE="1147 962 3053 982 4316 1064" 
                    HPOS="1133"
                    VPOS="784"
                    WIDTH="3183"
                    HEIGHT="328">
            <Shape><Polygon POINTS="1147 962 1133 832 1297 784 1304 784 1304 784 1311 784 1311 784 1311 784 1318 784 1318 784 1318 784 1325 784 1325 784 1325 791 1366 832 1420 805 1420 805 1420 805 1427 805 1427 805 1434 805 1434 805 1714 839 2056 784 2056 784 2062 784 2062 784 2062 784 2069 784 2069 784 2069 784 2076 784 2076 784 2144 846 2329 798 2336 798 2336 798 2342 798 2342 798 2663 839 3306 818 3312 818 3312 818 3312 818 3319 818 3558 893 3572 900 3777 900 3825 900 3886 846 3886 839 3886 839 3893 839 3893 839 3900 839 3900 839 3900 839 3907 839 3907 839 3907 839 3913 839 3913 839 4057 907 4071 914 4316 914 4316 1064 4303 1112 3804 1043 3558 1043 3463 1091 3456 1091 3456 1091 3456 1091 3449 1091 3449 1091 3442 1091 3442 1091 3442 1091 3435 1091 3435 1091 3428 1091 3306 1037 3107 1078 3066 1084 3066 1084 3066 1084 3060 1084 3060 1084 2978 1078 2636 1023 2404 1057 2383 1057 2383 1057 2377 1057 2377 1057 2377 1057 2349 1057 2062 1003 1953 1043 1933 1050 1933 1050 1926 1050 1926 1050 1926 1050 1919 1050 1919 1050 1912 1050 1871 1043 1734 1003 1632 1037 1618 1037 1612 1037 1612 1037 1612 1043 1338 1043 1331 1037 1331 1037 1325 1037 1325 1037 1325 1037 1318 1037 1318 1037 1304 1023 1263 989 1147 1016"/></Shape>
	    <String CONTENT="releguer comme si l&#39;on etoit asseuré que l&#39;ennemi"
                    HPOS="1133"
                    VPOS="784"
                    WIDTH="3183"
                    HEIGHT="328"></String>
          </TextLine>

          
          
          <TextLine ID="eSc_line_aaa24f3a"
                    TAGREFS="LT970"
                    BASELINE="1147 1180 2991 1214 4364 1303" 
                    HPOS="1133"
                    VPOS="1009"
                    WIDTH="3231"
                    HEIGHT="342">
            <Shape><Polygon POINTS="1147 1180 1147 1016 1495 1057 1543 1030 1571 1009 1577 1009 1577 1009 1577 1009 1584 1009 1584 1009 1591 1009 1591 1009 1591 1009 1598 1009 1598 1009 1598 1009 1605 1009 1605 1009 1605 1016 1625 1037 1653 1064 1748 1064 1816 1043 1960 1009 1960 1009 1960 1009 1967 1009 1967 1009 1967 1009 1974 1009 2131 1057 2233 1084 2356 1064 2609 1030 2609 1030 2616 1030 2616 1030 2616 1030 2622 1030 2622 1030 2759 1084 2814 1112 3019 1112 3032 1098 3080 1057 3080 1050 3080 1050 3087 1050 3087 1050 3087 1050 3094 1050 3094 1050 3101 1050 3394 1057 3394 1057 3394 1057 3401 1057 3401 1057 3401 1057 3408 1057 3497 1119 3510 1125 3572 1119 3886 1084 3886 1084 3893 1084 3893 1084 3893 1084 3900 1084 3900 1084 3907 1084 3907 1084 3982 1139 3995 1153 4364 1159 4364 1303 4351 1351 3811 1289 3538 1316 3435 1323 3435 1323 3428 1323 3428 1323 3422 1323 3422 1323 3422 1323 3415 1323 3415 1323 3415 1316 3401 1310 3360 1269 3258 1296 3251 1296 3251 1296 3244 1296 3244 1296 2930 1255 2889 1282 2875 1296 2875 1303 2875 1303 2868 1303 2868 1303 2862 1303 2862 1303 2862 1303 2855 1303 2855 1303 2855 1303 2848 1303 2848 1303 2800 1282 2725 1248 2616 1275 2568 1282 2568 1282 2568 1282 2561 1282 2561 1282 2554 1282 2554 1282 2513 1269 2445 1235 2015 1228 1946 1241 1837 1269 1830 1269 1830 1269 1823 1269 1823 1269 1133 1200"/></Shape>
	    <String CONTENT="XXXX faire sortie en consequence de quoi bien"
                    HPOS="1133"
                    VPOS="1009"
                    WIDTH="3231"
                    HEIGHT="342"></String>
          </TextLine>

          
          
          <TextLine ID="eSc_line_a4b7465c"
                    TAGREFS="LT970"
                    BASELINE="1113 1412 4439 1501" 
                    HPOS="1106"
                    VPOS="1235"
                    WIDTH="3333"
                    HEIGHT="348">
            <Shape><Polygon POINTS="1113 1412 1106 1262 1215 1235 1215 1235 1215 1235 1222 1235 1222 1235 1509 1275 1721 1303 1769 1282 1857 1248 1857 1248 1864 1248 1864 1248 1864 1248 1871 1248 1871 1248 1878 1248 1878 1248 1878 1248 1885 1248 1885 1248 1885 1255 1926 1289 1946 1316 2124 1316 2144 1296 2158 1289 2158 1282 2158 1282 2165 1282 2165 1282 2165 1282 2172 1282 2172 1282 2172 1282 2178 1282 2178 1282 2185 1282 2185 1282 2240 1303 2267 1310 2322 1303 2581 1269 2581 1269 2588 1269 2588 1269 2588 1269 2595 1269 2595 1269 2602 1269 2602 1269 2602 1275 2602 1275 2643 1316 2657 1330 2704 1316 2889 1275 2889 1275 2889 1275 2896 1275 2896 1275 3224 1337 3271 1344 3292 1337 3401 1296 3401 1296 3408 1296 3408 1296 3415 1296 3415 1296 3415 1296 3422 1296 3422 1296 3422 1296 3428 1296 3428 1296 3428 1303 3476 1344 3476 1351 3483 1344 3579 1296 3579 1296 3579 1296 3586 1296 3586 1296 3592 1296 3592 1296 3592 1296 3599 1296 3784 1351 3907 1303 3907 1303 3913 1303 3913 1303 3920 1303 3920 1303 3920 1303 3927 1303 3927 1303 3927 1303 4043 1364 4050 1371 4439 1385 4439 1501 4426 1583 4173 1542 3927 1576 3845 1583 3845 1583 3838 1583 3613 1569 3189 1535 3094 1555 3053 1562 3053 1562 3053 1562 3046 1562 3046 1562 3046 1562 3039 1562 3005 1555 2896 1521 2534 1542 2397 1548 2390 1548 2390 1548 2390 1548 2329 1535 2103 1487 1919 1528 1885 1535 1885 1535 1885 1535 1878 1535 1878 1535 1878 1535 1871 1535 1871 1535 1871 1535 1857 1528 1775 1480 1366 1467 1106 1507"/></Shape>
	    <String CONTENT="instruire les postes de ce qu&#39;ils auront a faire"
                    HPOS="1106"
                    VPOS="1235"
                    WIDTH="3333"
                    HEIGHT="348"></String>
          </TextLine>

          
          
          <TextLine ID="eSc_line_9fde3ea1"
                    TAGREFS="LT970"
                    BASELINE="1133 1658 4378 1739" 
                    HPOS="1133"
                    VPOS="1487"
                    WIDTH="3245"
                    HEIGHT="307">
            <Shape><Polygon POINTS="1133 1658 1140 1487 1304 1528 1345 1494 1345 1494 1352 1494 1352 1494 1352 1494 1352 1494 1359 1494 1359 1494 1359 1494 1366 1494 1366 1494 1393 1494 1741 1542 1810 1514 1823 1507 1823 1507 1830 1507 1830 1507 1830 1507 1837 1507 1837 1507 1837 1507 1885 1514 2083 1555 2165 1528 2199 1514 2199 1514 2206 1514 2206 1514 2213 1514 2213 1514 2213 1514 2219 1514 2219 1514 2226 1514 2226 1514 2226 1521 2240 1528 2281 1569 2629 1569 2691 1548 2739 1528 2739 1528 2745 1528 2745 1528 2752 1528 2752 1528 2752 1528 2759 1528 2759 1528 2759 1528 2766 1528 2766 1535 2786 1548 2821 1576 2916 1555 3019 1535 3019 1535 3019 1535 3025 1535 3025 1535 3032 1535 3032 1535 3032 1535 3039 1535 3073 1562 3094 1576 3114 1562 3155 1542 3155 1542 3155 1542 3162 1542 3162 1542 3169 1542 3169 1542 3169 1542 3326 1569 3422 1589 3442 1576 3476 1548 3483 1548 3483 1548 3483 1548 3490 1548 3490 1548 3490 1548 3497 1548 3497 1548 3497 1548 3504 1548 3504 1548 3510 1548 3510 1548 3551 1583 3572 1596 3620 1583 3729 1555 3736 1555 3736 1555 3743 1555 3743 1555 3743 1555 3750 1555 3750 1555 3750 1555 3756 1555 3811 1589 3825 1603 4378 1617 4378 1739 4371 1767 3893 1794 3886 1794 3886 1794 3879 1794 3879 1794 3790 1760 3743 1746 3688 1760 3579 1787 3572 1787 3572 1787 3565 1787 3565 1787 3565 1787 3558 1787 3558 1787 3558 1787 3551 1787 3510 1760 3483 1739 3449 1753 3408 1774 3408 1774 3401 1774 3401 1774 3401 1774 3394 1774 3394 1774 3394 1774 3387 1774 3387 1774 3340 1753 3285 1726 2472 1712 2308 1739 2219 1753 2219 1753 2213 1753 2213 1753 2213 1753 2206 1753 2206 1753 2206 1753 2199 1753 2178 1739 2131 1705 2021 1733 1974 1746 1967 1746 1967 1746 1960 1746 1960 1746 1857 1733 1632 1699 1461 1726 1407 1733 1407 1733 1400 1733 1400 1733 1400 1733 1393 1733 1393 1733 1372 1726 1277 1685 1133 1719"/></Shape>
	    <String CONTENT="7^e. ne jamais s&#39;opiniatrer a soutenir des ouvrages"
                    HPOS="1133"
                    VPOS="1487"
                    WIDTH="3245"
                    HEIGHT="307"></String>
          </TextLine>

          
          
          <TextLine ID="eSc_line_b49c9530"
                    TAGREFS="LT970"
                    BASELINE="1113 1869 2896 1917 4344 1992" 
                    HPOS="1092"
                    VPOS="1664"
                    WIDTH="3252"
                    HEIGHT="396">
            <Shape><Polygon POINTS="1113 1869 1092 1699 1147 1664 1154 1664 1154 1664 1154 1664 1161 1664 1161 1664 1168 1664 1168 1664 1168 1664 1174 1664 1174 1664 1277 1705 1379 1753 1632 1733 1632 1733 1639 1733 2247 1780 2315 1760 2452 1712 2459 1712 2459 1712 2459 1712 2465 1712 2465 1712 2698 1746 2821 1712 2827 1712 2827 1712 2834 1712 3415 1733 3415 1733 3415 1733 3422 1733 3422 1733 3654 1828 3674 1835 3688 1828 3790 1753 3797 1753 3797 1753 3797 1753 3804 1753 3804 1753 3811 1753 3811 1753 3811 1753 3818 1753 3818 1753 3818 1753 3825 1753 3825 1753 3920 1842 3927 1849 4337 1862 4344 1992 4323 2060 4228 2019 3859 2047 3790 2047 3784 2047 3784 2047 3784 2047 3777 2047 3777 2047 3777 2047 3770 2047 3770 2047 3770 2040 3722 2006 3517 2033 3490 2033 3490 2033 3483 2033 3483 2033 3483 2033 3476 2033 3476 2033 3469 2033 3469 2033 3469 2033 3401 1978 3039 1971 2943 2012 2943 2012 2943 2012 2937 2012 2937 2012 2937 2012 2930 2012 2609 1999 2609 1999 2602 1999 2602 1999 2602 1999 2465 1951 1106 1951"/></Shape>
	    <String CONTENT="imparfaits, mais ceder, et faire retirer les gens"
                    HPOS="1092"
                    VPOS="1664"
                    WIDTH="3252"
                    HEIGHT="396"></String>
          </TextLine>

          
          
          <TextLine ID="eSc_line_dc28e7c3"
                    TAGREFS="LT970"
                    BASELINE="1140 2108 4405 2210" 
                    HPOS="1133"
                    VPOS="1958"
                    WIDTH="3272"
                    HEIGHT="320">
            <Shape><Polygon POINTS="1140 2108 1140 1971 1550 1992 1577 1978 1598 1958 1598 1958 1605 1958 1605 1958 1612 1958 1612 1958 1612 1958 1618 1958 1618 1958 1769 1978 1946 2006 1974 1985 2001 1965 2001 1958 2008 1958 2008 1958 2008 1958 2015 1958 2015 1958 2021 1958 2144 1958 2144 1958 2144 1958 2151 1958 2151 1958 2151 1958 2158 1958 2158 1958 2158 1965 2185 1985 2192 1992 2281 1985 2431 1978 2438 1978 2438 1978 2438 1978 2445 1978 2445 1978 2452 1978 2465 1992 2520 2026 2561 1992 2568 1985 2568 1985 2575 1985 2575 1985 2575 1985 2581 1985 2581 1985 2588 1985 2588 1985 2588 1985 2595 1985 2595 1985 2595 1985 2609 1992 2684 2033 2800 1999 2855 1978 2862 1978 2862 1978 2862 1978 2868 1978 2868 1978 2875 1978 2875 1978 2875 1978 2882 1978 2882 1978 2882 1985 2896 1999 2916 2012 2991 1999 3046 1992 3046 1992 3053 1992 3053 1992 3053 1992 3060 1992 3060 1992 3060 1992 3066 1992 3066 1992 3066 1999 3073 1999 3114 2047 3203 2006 3217 1999 3217 1999 3224 1999 3224 1999 3224 1999 3230 1999 3230 1999 3230 1999 3237 1999 3237 1999 3251 2006 3374 2060 3770 2067 3852 2026 3852 2026 3852 2026 3859 2026 3859 2026 3866 2026 4405 2026 4405 2210 4398 2231 3982 2278 3982 2278 3975 2278 3975 2278 3968 2278 3968 2278 3968 2278 3961 2278 3961 2278 3961 2272 3954 2272 3934 2244 3551 2265 3545 2265 3545 2265 3545 2265 3538 2265 3538 2265 3531 2265 3531 2265 3531 2258 3524 2258 3497 2224 3101 2251 3094 2251 3094 2251 3094 2251 3087 2251 2923 2203 2875 2190 2841 2203 2766 2231 2766 2231 2759 2231 2759 2231 2759 2231 2752 2231 2752 2231 2745 2231 2616 2197 2602 2197 2595 2197 2459 2231 2452 2231 2452 2231 2445 2231 2445 2231 2438 2231 2281 2190 2192 2169 1133 2169"/></Shape>
	    <String CONTENT="armes et les travailleurs sur les revers des places"
                    HPOS="1133"
                    VPOS="1958"
                    WIDTH="3272"
                    HEIGHT="320"></String>
          </TextLine>

          
          
          <TextLine ID="eSc_line_2141e436"
                    TAGREFS="LT970"
                    BASELINE="1133 2319 3353 2408 4501 2483" 
                    HPOS="1120"
                    VPOS="2156"
                    WIDTH="3381"
                    HEIGHT="395">
            <Shape><Polygon POINTS="1133 2319 1140 2156 1325 2210 1912 2203 1933 2203 1939 2203 1939 2203 1953 2203 2219 2251 2308 2224 2356 2210 2363 2210 2363 2210 2363 2210 2370 2210 2370 2210 2370 2210 2377 2210 2377 2210 2383 2210 2383 2210 2383 2217 2404 2231 2431 2258 2500 2238 2540 2224 2547 2224 2547 2224 2547 2224 2554 2224 2554 2224 2554 2224 2561 2224 2561 2224 2609 2244 2670 2272 2725 2251 2752 2238 2752 2238 2759 2238 2759 2238 2759 2238 2766 2238 2766 2238 2991 2265 3148 2285 3169 2278 3224 2251 3224 2251 3224 2251 3230 2251 3230 2251 3237 2251 3237 2251 3237 2251 3244 2251 3244 2251 3244 2251 3251 2251 3251 2251 3251 2258 3278 2285 3292 2292 3306 2285 3387 2258 3394 2258 3394 2258 3394 2258 3401 2258 3401 2258 3401 2258 3408 2258 3538 2299 3545 2299 3579 2299 4173 2292 4180 2292 4180 2292 4501 2360 4501 2483 4501 2517 4357 2551 4357 2551 4357 2551 4351 2551 4351 2551 3982 2497 3886 2483 3695 2483 2862 2483 2855 2483 2855 2483 2848 2483 2848 2483 2848 2483 2841 2483 2841 2483 2841 2476 2834 2476 2807 2435 2725 2476 2725 2476 2725 2476 2718 2476 2718 2476 2711 2476 2390 2463 2390 2463 2390 2463 2383 2463 2383 2463 2383 2463 2288 2415 2288 2415 2274 2415 1878 2429 1871 2429 1871 2429 1871 2429 1864 2429 1734 2388 1728 2388 1728 2388 1598 2422 1591 2422 1591 2422 1584 2422 1584 2422 1584 2422 1577 2422 1577 2422 1577 2422 1571 2422 1571 2422 1571 2415 1530 2374 1120 2354"/></Shape>
	    <String CONTENT="d&#39;armes prochaines laissant agir le feu de la tranchée"
                    HPOS="1120"
                    VPOS="2156"
                    WIDTH="3381"
                    HEIGHT="395"></String>
          </TextLine>

          
          
          <TextLine ID="eSc_line_7a4039cf"
                    TAGREFS="LT970"
                    BASELINE="1127 2565 2684 2633 4357 2654" 
                    HPOS="1113"
                    VPOS="2435"
                    WIDTH="3258"
                    HEIGHT="335">
            <Shape><Polygon POINTS="1127 2565 1120 2470 1557 2435 1564 2435 1564 2435 1564 2435 1571 2435 1571 2435 1571 2435 1659 2476 2500 2463 2506 2463 2506 2463 2827 2510 2841 2510 2855 2510 3278 2483 3285 2483 3285 2483 3285 2483 3292 2483 3292 2483 3408 2524 3565 2490 3565 2490 3565 2490 3572 2490 3572 2490 4118 2545 4125 2545 4132 2545 4296 2510 4296 2510 4296 2510 4303 2510 4303 2510 4310 2510 4310 2510 4310 2510 4316 2510 4316 2510 4371 2551 4357 2654 4344 2749 4118 2722 4057 2742 3995 2770 3995 2770 3989 2770 3989 2770 3982 2770 3982 2770 3982 2770 3975 2770 3975 2770 3975 2770 3920 2742 3886 2722 3797 2736 3743 2742 3743 2742 3736 2742 3736 2742 3736 2742 3729 2742 3729 2742 3729 2742 3722 2742 3722 2742 3722 2736 3715 2736 3688 2702 3312 2695 3237 2722 3176 2742 3176 2742 3169 2742 3169 2742 3162 2742 3162 2742 3155 2742 3155 2742 3080 2715 2998 2688 2916 2708 2814 2736 2807 2736 2807 2736 2800 2736 1816 2715 1816 2715 1816 2715 1810 2715 1659 2674 1564 2647 1530 2667 1489 2702 1482 2702 1482 2702 1482 2702 1475 2702 1475 2702 1475 2708 1318 2708 1311 2702 1311 2702 1113 2654"/></Shape>
	    <String CONTENT="qui faira beaucoup plus de mal a l&#39;ennemi que"
                    HPOS="1113"
                    VPOS="2435"
                    WIDTH="3258"
                    HEIGHT="335"></String>
          </TextLine>

          
          
          <TextLine ID="eSc_line_8e227020"
                    TAGREFS="LT970"
                    BASELINE="1133 2818 3087 2858 4665 2947" 
                    HPOS="1120"
                    VPOS="2640"
                    WIDTH="3545"
                    HEIGHT="355">
            <Shape><Polygon POINTS="1133 2818 1154 2661 1161 2674 1188 2661 1222 2640 1229 2640 1229 2640 1236 2640 1236 2640 1236 2640 1243 2640 1243 2640 1250 2640 1250 2640 1250 2640 1256 2640 1297 2667 1338 2695 1427 2674 1482 2661 1489 2661 1489 2661 1495 2661 1495 2661 1502 2661 1502 2661 1502 2661 1509 2661 1509 2661 1509 2667 1516 2667 1523 2674 1543 2702 1980 2695 2301 2695 2308 2695 2308 2695 2315 2695 2315 2695 2315 2695 2322 2695 2322 2695 2322 2702 2329 2702 2336 2715 2349 2729 2397 2715 2452 2702 2459 2702 2459 2702 2465 2702 2465 2702 2465 2702 2595 2722 2704 2742 2759 2729 2882 2702 2889 2702 2889 2702 2896 2702 2896 2702 2896 2702 2903 2702 2903 2702 2991 2742 2998 2742 3005 2742 3135 2708 3142 2708 3142 2708 3148 2708 3148 2708 3148 2708 3155 2708 3155 2708 3162 2708 3162 2708 3217 2749 3217 2749 3217 2749 3435 2715 3435 2715 3442 2715 3442 2715 3442 2715 3449 2715 3449 2715 3456 2715 3456 2715 3504 2749 4262 2742 4269 2742 4269 2742 4275 2742 4275 2742 4275 2742 4282 2742 4282 2742 4282 2749 4344 2797 4344 2804 4665 2818 4665 2947 4651 2995 4214 2954 3989 2974 3845 2981 3845 2981 3838 2981 3838 2981 3695 2961 3490 2927 3408 2947 3306 2974 3299 2974 3299 2974 3292 2974 3292 2974 3292 2974 3073 2934 2957 2913 2875 2927 2732 2954 2732 2954 2725 2954 2117 2934 2117 2934 2117 2934 2110 2934 2110 2934 2110 2934 2035 2893 2008 2879 1933 2886 1748 2913 1748 2913 1741 2913 1741 2913 1741 2913 1734 2913 1734 2913 1734 2913 1666 2879 1639 2858 1120 2852"/></Shape>
	    <String CONTENT="la resistance qu&#39;on pourroit lui faire en s&#39;opiniatrant"
                    HPOS="1120"
                    VPOS="2640"
                    WIDTH="3545"
                    HEIGHT="355"></String>
          </TextLine>

          
          
          <TextLine ID="eSc_line_350b1f99"
                    TAGREFS="LT970"
                    BASELINE="1120 3056 4433 3152" 
                    HPOS="1099"
                    VPOS="2893"
                    WIDTH="3340"
                    HEIGHT="368">
            <Shape><Polygon POINTS="1120 3056 1106 2947 1277 2893 1284 2893 1284 2893 1290 2893 1550 2899 1550 2899 1550 2899 1557 2899 1557 2899 1557 2899 1564 2899 1564 2899 1632 2961 1639 2961 1646 2961 2056 2913 2056 2913 2062 2913 2062 2913 2062 2913 2370 2981 2520 2927 2520 2927 2527 2927 2527 2927 2534 2927 2534 2927 2534 2927 2540 2927 2540 2927 2547 2927 2547 2927 2622 2988 2766 2954 2773 2954 2773 2954 2780 2954 2780 2954 2780 2954 2786 2954 2786 2954 2889 2995 3176 2968 3176 2968 3183 2968 3183 2968 3189 2968 3189 2968 3292 3015 3510 3015 3633 2961 3633 2961 3640 2961 3640 2961 3640 2961 3647 2961 3647 2961 3654 2961 3654 2961 3654 2961 3661 2961 3661 2961 3661 2968 3729 3022 3907 2981 3907 2981 3907 2981 3913 2981 3913 2981 3920 2981 3920 2981 3920 2981 3927 2981 3927 2981 3927 2988 3934 2988 3968 3029 4282 2995 4282 2995 4289 2995 4289 2995 4296 2995 4296 2995 4439 3050 4433 3152 4426 3200 4289 3200 4214 3261 4214 3261 4207 3261 4207 3261 4207 3261 4200 3261 4200 3261 4200 3261 4193 3261 4193 3261 4193 3261 4187 3261 4187 3261 4077 3213 3989 3254 3989 3254 3982 3254 3982 3254 3982 3254 3975 3254 3975 3254 3975 3254 3968 3254 3968 3254 3968 3254 3961 3254 3961 3254 3893 3193 3784 3247 3784 3247 3784 3247 3777 3247 3777 3247 3770 3247 3633 3241 3633 3241 3627 3241 3387 3172 3244 3227 3244 3227 3237 3227 3237 3227 3237 3234 3019 3234 3012 3227 3012 3227 3005 3227 2814 3179 2739 3213 2739 3213 2739 3213 2732 3213 2732 3213 2725 3213 2725 3213 2725 3213 2500 3166 2233 3200 2233 3200 2226 3200 2226 3200 2226 3200 2219 3200 2219 3200 2219 3200 2213 3200 2213 3200 2137 3131 1591 3118 1366 3179 1359 3179 1359 3179 1352 3179 1352 3179 1352 3179 1345 3179 1099 3097"/></Shape>
	    <String CONTENT="a luy tenir tête dans des lieux desavantageux qui"
                    HPOS="1099"
                    VPOS="2893"
                    WIDTH="3340"
                    HEIGHT="368"></String>
          </TextLine>

          
          
          <TextLine ID="eSc_line_7fcdd34a"
                    TAGREFS="LT970"
                    BASELINE="1140 3316 2110 3357 2711 3343" 
                    HPOS="1127"
                    VPOS="3186"
                    WIDTH="1584"
                    HEIGHT="239">
            <Shape><Polygon POINTS="1140 3316 1140 3186 1912 3227 2131 3200 2158 3200 2158 3200 2165 3200 2165 3200 2172 3200 2172 3200 2172 3200 2178 3200 2178 3200 2226 3234 2377 3206 2418 3200 2418 3200 2418 3200 2424 3200 2424 3200 2431 3200 2431 3200 2431 3200 2438 3200 2445 3206 2493 3241 2698 3213 2711 3343 2704 3377 2438 3425 2438 3425 2431 3425 1127 3343"/></Shape>
	    <String CONTENT="ne seroient pas en etat"
                    HPOS="1127"
                    VPOS="3186"
                    WIDTH="1584"
                    HEIGHT="239"></String>
          </TextLine>

          
          
          <TextLine ID="eSc_line_4e3ad398"
                    TAGREFS="LT970"
                    BASELINE="1154 3616 4139 3698 4501 3732" 
                    HPOS="1140"
                    VPOS="3432"
                    WIDTH="3361"
                    HEIGHT="320">
            <Shape><Polygon POINTS="1154 3616 1147 3466 1366 3432 1366 3432 1372 3432 1372 3432 1379 3432 1564 3479 1591 3486 1618 3479 1741 3445 1748 3445 1748 3445 1748 3445 1755 3445 1755 3445 1762 3445 1762 3445 1762 3445 1864 3493 1926 3520 2110 3500 2329 3479 2329 3479 2336 3479 2336 3479 2342 3479 2342 3479 2342 3479 2349 3479 2349 3479 2349 3486 2383 3514 2397 3527 2424 3514 2506 3466 2513 3466 2513 3466 2520 3466 2520 3466 2520 3466 2527 3466 2527 3466 2527 3466 2534 3466 2534 3466 2534 3466 2540 3466 2540 3466 2602 3520 2622 3534 2636 3520 2670 3493 2670 3493 2677 3493 2677 3493 2677 3493 2684 3493 2684 3493 2684 3493 2691 3493 3060 3520 3285 3486 3285 3486 3292 3486 3292 3486 3292 3486 3299 3486 3299 3486 3449 3554 3463 3568 3674 3568 3688 3568 3790 3520 3790 3520 3797 3520 3797 3520 3797 3520 3804 3520 3804 3520 3804 3520 3811 3520 3811 3520 3941 3575 3941 3582 4501 3602 4501 3732 4487 3752 1140 3670"/></Shape>
	    <String CONTENT="8^e. par la meme raison on ne presse pas d&#39;aller au"
                    HPOS="1140"
                    VPOS="3432"
                    WIDTH="3361"
                    HEIGHT="320"></String>
          </TextLine>

          
          
          <TextLine ID="eSc_line_615244ab"
                    TAGREFS="LT970"
                    BASELINE="1120 3834 4412 3937" 
                    HPOS="1106"
                    VPOS="3705"
                    WIDTH="3306"
                    HEIGHT="300">
            <Shape><Polygon POINTS="1120 3834 1113 3711 1789 3705 1796 3705 1796 3705 1803 3705 1803 3705 1803 3705 1810 3705 1810 3705 1810 3711 1837 3732 1844 3739 1857 3732 1960 3705 1967 3705 1967 3705 1967 3705 1974 3705 1974 3705 1980 3705 1980 3705 1980 3705 1987 3705 1987 3705 1987 3711 1994 3711 2015 3739 2021 3752 2267 3752 2342 3746 2643 3725 2650 3725 2650 3725 2650 3725 2657 3725 2773 3766 2793 3766 2848 3766 3224 3746 3230 3746 3230 3746 3469 3786 3531 3793 3579 3786 3790 3766 3790 3766 3797 3766 3797 3766 3797 3766 3804 3766 3804 3766 3804 3766 3811 3766 3811 3766 3845 3800 3845 3800 3852 3800 3948 3766 3954 3766 3954 3766 3954 3766 3961 3766 3961 3766 3968 3766 3968 3766 3968 3766 4050 3807 4057 3814 4405 3821 4412 3937 4412 3964 4275 4005 4269 4005 4269 4005 4262 4005 4262 4005 4262 4005 4255 4005 4255 4005 4255 4005 4248 4005 4248 4005 4248 3998 4214 3964 3866 3957 3770 3991 3770 3991 3763 3991 3763 3991 3756 3991 3756 3991 3756 3991 3504 3943 2472 3943 2465 3943 2465 3943 2459 3943 2459 3943 2459 3943 2452 3943 2452 3943 2452 3937 2418 3909 2247 3943 2247 3943 2247 3943 2240 3943 2240 3943 2240 3943 2233 3943 2233 3943 2226 3943 2226 3943 2226 3943 2178 3902 2001 3937 2001 3937 2001 3937 1994 3937 1810 3930 1810 3930 1810 3930 1803 3930 1803 3930 1796 3930 1796 3930 1796 3923 1789 3923 1762 3889 1523 3916 1523 3916 1516 3916 1516 3916 1106 3862"/></Shape>
	    <String CONTENT="devant de luy, mais l&#39;attendre, le laisser engager et"
                    HPOS="1106"
                    VPOS="3705"
                    WIDTH="3306"
                    HEIGHT="300"></String>
          </TextLine>

          
          
          <TextLine ID="eSc_line_5f043683"
                    TAGREFS="LT970"
                    BASELINE="1133 4066 4426 4169" 
                    HPOS="1106"
                    VPOS="3902"
                    WIDTH="3320"
                    HEIGHT="342">
            <Shape><Polygon POINTS="1133 4066 1127 3916 1304 3909 1311 3909 1311 3909 1318 3909 1318 3909 1318 3909 1325 3909 1325 3909 1325 3916 1331 3923 1366 3950 1413 3923 1441 3902 1448 3902 1448 3902 1448 3902 1454 3902 1454 3902 1461 3902 1461 3902 1461 3902 1639 3937 1673 3937 1707 3937 2008 3916 2015 3916 2015 3916 2015 3916 2021 3916 2131 3957 2178 3971 2199 3957 2240 3930 2247 3930 2247 3930 2247 3930 2254 3930 2254 3930 2260 3930 2650 3937 2650 3937 2650 3937 2657 3937 2657 3937 2657 3937 2663 3937 2663 3937 2663 3943 2670 3943 2698 3978 2711 4005 3333 4025 3620 4025 3627 4018 3709 3978 3709 3978 3709 3978 3715 3978 3715 3978 3722 3978 3722 3978 3722 3978 3729 3978 3729 3978 3736 3978 3736 3978 3736 3984 3784 4025 3797 4032 3886 4025 4112 4012 4118 4012 4118 4012 4426 4053 4426 4169 4419 4196 4207 4244 4207 4244 4207 4244 4200 4244 3763 4230 3763 4230 3763 4230 3756 4230 3756 4230 3756 4230 3750 4230 3750 4230 3688 4175 3538 4175 2752 4182 2745 4182 2295 4141 2096 4175 2096 4175 2090 4175 2090 4175 1571 4114 1489 4155 1489 4155 1489 4155 1482 4155 1482 4155 1475 4155 1195 4148 1195 4148 1195 4148 1188 4148 1188 4148 1181 4148 1181 4148 1106 4094"/></Shape>
	    <String CONTENT="essuyer le feu des places d&#39;armes tant et si longuement"
                    HPOS="1106"
                    VPOS="3902"
                    WIDTH="3320"
                    HEIGHT="342"></String>
          </TextLine>

          
          
          <TextLine ID="eSc_line_e1efde5e"
                    TAGREFS="LT970"
                    BASELINE="1140 4298 4453 4435" 
                    HPOS="1106"
                    VPOS="4121"
                    WIDTH="3354"
                    HEIGHT="396">
            <Shape><Polygon POINTS="1140 4298 1147 4121 1290 4196 1345 4169 1345 4169 1345 4169 1352 4169 1352 4169 1352 4169 1359 4169 1359 4169 1366 4169 1366 4169 1366 4169 1372 4169 1420 4203 1502 4141 1502 4141 1509 4141 1509 4141 1509 4141 1516 4141 1516 4141 1516 4141 1523 4141 1523 4141 1530 4141 1557 4148 1851 4230 2308 4244 2588 4209 2807 4189 2807 4189 2814 4189 2814 4189 3224 4250 3476 4298 3948 4298 3948 4298 4071 4244 4071 4244 4071 4244 4077 4244 4077 4244 4084 4244 4310 4250 4310 4250 4310 4250 4316 4250 4316 4250 4316 4250 4460 4332 4453 4435 4446 4476 3995 4517 3989 4517 3989 4517 3989 4517 3982 4517 3818 4469 3633 4503 3633 4503 3633 4503 3627 4503 2998 4476 2998 4476 2998 4476 2991 4476 2991 4476 2984 4476 2984 4476 2984 4469 2984 4469 2937 4421 2937 4421 2930 4421 2773 4455 2773 4455 2773 4455 2766 4455 2766 4455 2759 4455 2759 4455 2759 4455 2752 4455 2691 4414 2684 4407 2411 4401 2390 4401 2151 4441 2151 4441 2144 4441 2144 4441 2144 4441 2137 4441 1987 4387 1960 4373 1775 4373 1755 4380 1646 4421 1646 4421 1639 4421 1639 4421 1632 4421 1393 4407 1393 4407 1393 4407 1386 4407 1386 4407 1379 4407 1304 4360 1290 4353 1277 4360 1174 4401 1174 4401 1168 4401 1168 4401 1168 4401 1161 4401 1161 4401 1154 4401 1154 4401 1154 4401 1147 4401 1147 4401 1147 4394 1140 4394 1106 4353"/></Shape>
	    <String CONTENT="qu&#39;on jugera a propos de s&#39;y exposer, et quand il"
                    HPOS="1106"
                    VPOS="4121"
                    WIDTH="3354"
                    HEIGHT="396"></String>
          </TextLine>

          
          
          <TextLine ID="eSc_line_aa14b218"
                    TAGREFS="LT970"
                    BASELINE="1106 4537 4494 4646" 
                    HPOS="1079"
                    VPOS="4401"
                    WIDTH="3415"
                    HEIGHT="341">
            <Shape><Polygon POINTS="1106 4537 1099 4421 1748 4401 1755 4401 1755 4401 1762 4401 1933 4441 2008 4462 2076 4448 2219 4421 2219 4421 2219 4421 2226 4421 2226 4421 2233 4421 2233 4421 2233 4421 2240 4421 2240 4421 2240 4428 2274 4455 2295 4469 2363 4455 2520 4435 2520 4435 2527 4435 2527 4435 2527 4435 2718 4469 2834 4489 2916 4476 3039 4455 3039 4455 3046 4455 3046 4455 3046 4455 3053 4455 3053 4455 3053 4455 3060 4455 3060 4455 3060 4462 3087 4482 3094 4496 3128 4482 3224 4448 3224 4448 3230 4448 3230 4448 3237 4448 3237 4448 3237 4448 3244 4448 3381 4489 3449 4510 3497 4496 3606 4462 3613 4462 3613 4462 3620 4462 3620 4462 3620 4462 3825 4503 3913 4530 4159 4530 4193 4517 4269 4482 4269 4482 4275 4482 4275 4482 4275 4482 4282 4482 4282 4482 4282 4482 4289 4482 4289 4482 4296 4482 4296 4482 4296 4489 4337 4523 4357 4537 4480 4530 4494 4646 4487 4694 4077 4728 4071 4728 4071 4728 4071 4728 4064 4728 4064 4728 4057 4728 4002 4694 3872 4742 3872 4742 3866 4742 3866 4742 3859 4742 3859 4742 3483 4694 3019 4714 3012 4714 3012 4714 3012 4714 3005 4714 3005 4714 2998 4714 2998 4714 2998 4708 2937 4653 2793 4701 2786 4701 2786 4701 2786 4701 2780 4701 2445 4694 2445 4694 2445 4694 2438 4694 2438 4694 2438 4694 2431 4694 2431 4694 2356 4633 2124 4667 2124 4667 2117 4667 2117 4667 2117 4667 2110 4667 2110 4667 2110 4667 2103 4667 2103 4667 2103 4660 2069 4626 1967 4680 1967 4680 1967 4680 1960 4680 1960 4680 1953 4680 1953 4680 1953 4680 1946 4680 1946 4680 1946 4680 1939 4680 1939 4680 1939 4673 1892 4626 1639 4626 1536 4667 1536 4667 1530 4667 1530 4667 1530 4667 1523 4667 1523 4667 1516 4667 1516 4667 1516 4667 1379 4605 1181 4633 1181 4633 1174 4633 1174 4633 1174 4633 1168 4633 1168 4633 1161 4633 1079 4585"/></Shape>
	    <String CONTENT="sera affaibli, et bien engagé le faire charger par"
                    HPOS="1079"
                    VPOS="4401"
                    WIDTH="3415"
                    HEIGHT="341"></String>
          </TextLine>

          
          
          <TextLine ID="eSc_line_4a5c9cd4"
                    TAGREFS="LT970"
                    BASELINE="1113 4776 4528 4892" 
                    HPOS="1092"
                    VPOS="4612"
                    WIDTH="3436"
                    HEIGHT="362">
            <Shape><Polygon POINTS="1113 4776 1113 4612 1523 4673 1687 4639 1714 4633 1714 4633 1714 4633 1721 4633 1721 4633 1728 4633 1755 4639 1933 4687 2056 4653 2062 4653 2069 4653 2069 4653 2076 4653 2076 4653 2076 4653 2110 4660 2356 4701 2459 4673 2513 4660 2520 4660 2520 4660 2527 4660 2527 4660 2527 4660 2643 4680 2739 4701 2814 4687 2923 4673 2923 4673 2930 4673 2930 4673 2930 4673 2937 4673 3032 4701 3135 4728 3306 4714 3469 4701 3469 4701 3476 4701 3476 4701 3483 4701 3483 4701 3483 4701 3531 4728 3572 4749 3900 4749 3934 4742 4091 4714 4091 4714 4091 4714 4098 4714 4098 4714 4105 4714 4105 4714 4105 4714 4112 4714 4112 4714 4112 4721 4153 4755 4153 4762 4528 4776 4528 4892 4521 4953 4132 4974 4125 4974 4125 4974 4125 4974 3886 4933 3825 4919 3804 4926 3736 4960 3736 4960 3736 4960 3729 4960 3729 4960 3722 4960 3722 4960 3722 4960 3715 4960 3715 4960 3715 4960 3709 4960 3709 4960 3661 4919 3647 4912 3592 4919 3340 4946 3340 4946 3333 4946 3333 4946 3326 4946 3326 4946 3326 4946 3319 4946 3319 4946 3319 4940 3319 4940 3285 4905 3278 4899 3265 4905 3196 4940 3196 4940 3196 4940 3189 4940 3189 4940 3189 4940 3183 4940 2916 4933 2916 4933 2916 4933 2581 4871 2506 4865 2459 4871 2178 4905 2178 4905 2172 4905 2172 4905 2165 4905 2165 4905 2165 4905 2158 4905 2158 4905 2096 4851 2090 4851 2056 4851 1734 4878 1728 4878 1728 4878 1728 4878 1489 4830 1482 4830 1482 4830 1243 4871 1243 4871 1236 4871 1236 4871 1236 4871 1229 4871 1229 4871 1092 4810"/></Shape>
	    <String CONTENT="les grenadiers et gens detacher, pendant que la garde"
                    HPOS="1092"
                    VPOS="4612"
                    WIDTH="3436"
                    HEIGHT="362"></String>
          </TextLine>

          
          
          <TextLine ID="eSc_line_844273e6"
                    TAGREFS="LT970"
                    BASELINE="1086 5021 4474 5144" 
                    HPOS="1072"
                    VPOS="4871"
                    WIDTH="3402"
                    HEIGHT="355">
            <Shape><Polygon POINTS="1086 5021 1079 4892 1372 4871 1379 4871 1379 4871 1379 4871 1386 4871 1495 4905 1543 4919 1571 4905 1639 4878 1639 4878 1646 4878 1646 4878 1646 4878 1653 4878 1653 4878 1653 4878 1659 4878 1769 4919 1796 4926 1816 4919 1857 4899 1857 4899 1857 4899 1864 4899 1864 4899 1871 4899 1871 4899 2199 4933 2397 4953 2445 4946 2575 4912 2581 4912 2581 4912 2588 4912 2732 4919 2732 4919 2732 4919 2739 4919 2739 4919 2745 4919 2745 4919 2745 4926 2752 4926 2780 4960 2786 4974 3162 4981 3230 4974 3469 4946 3469 4946 3476 4946 3476 4946 3476 4946 3483 4946 3483 4946 3490 4946 3490 4946 3545 4987 3558 4994 3640 4994 4084 4967 4091 4967 4091 4967 4091 4967 4098 4967 4098 4967 4200 5015 4207 5021 4474 5028 4474 5144 4474 5172 4310 5226 4303 5226 4303 5226 4303 5226 4296 5226 4296 5226 4289 5226 4289 5226 4289 5226 4282 5226 4282 5226 4282 5219 4221 5165 3954 5165 3907 5199 3907 5199 3900 5199 3900 5199 3900 5199 3893 5199 3893 5199 3886 5199 3886 5199 3886 5199 3879 5199 3879 5199 3879 5199 3872 5199 3872 5199 3872 5192 3831 5158 3633 5158 3545 5199 3545 5199 3545 5199 3538 5199 3538 5199 3531 5199 3531 5199 3121 5151 3005 5178 2998 5178 2998 5178 2991 5178 2991 5178 2991 5178 2984 5178 2984 5178 2882 5137 2848 5172 2848 5172 2841 5172 2841 5172 2841 5172 2834 5172 2834 5172 2834 5172 2827 5172 2479 5158 2479 5158 2479 5158 2472 5158 2472 5158 2472 5158 2465 5158 2404 5110 2383 5103 2288 5110 2062 5124 2056 5124 2056 5124 2056 5124 2049 5124 2049 5124 2049 5124 2042 5124 2042 5124 2042 5117 2021 5103 2015 5090 1994 5097 1898 5137 1898 5137 1892 5137 1892 5137 1892 5137 1885 5137 1885 5137 1878 5137 1878 5137 1878 5137 1789 5097 1762 5076 1482 5076 1454 5083 1372 5117 1372 5117 1366 5117 1366 5117 1366 5117 1359 5117 1359 5117 1072 5069"/></Shape>
	    <String CONTENT="de cavalerie qui aura eu le temps de venir tombera"
                    HPOS="1072"
                    VPOS="4871"
                    WIDTH="3402"
                    HEIGHT="355"></String>
          </TextLine>

          
          
          <TextLine ID="eSc_line_b95389d6"
                    TAGREFS="LT970"
                    BASELINE="1051 5260 4446 5369" 
                    HPOS="1038"
                    VPOS="5076"
                    WIDTH="3408"
                    HEIGHT="362">
            <Shape><Polygon POINTS="1051 5260 1051 5151 1147 5151 1215 5083 1215 5076 1215 5076 1222 5076 1222 5076 1222 5076 1229 5076 1229 5076 1236 5076 1448 5076 1448 5076 1625 5083 1625 5083 1625 5083 1632 5083 1632 5083 1639 5083 1639 5083 1639 5090 1639 5090 1707 5165 1714 5165 1714 5165 1823 5117 1823 5117 1830 5117 1830 5117 1830 5117 1837 5117 1837 5117 1844 5117 1844 5117 1844 5117 1851 5117 1926 5165 2069 5097 2069 5097 2069 5097 2076 5097 2076 5097 2083 5097 2295 5103 2295 5103 2295 5103 2301 5103 2301 5103 2301 5103 2308 5103 2404 5172 2500 5137 2500 5137 2506 5137 2506 5137 2513 5137 2513 5137 2513 5137 2520 5137 2520 5137 2527 5137 2527 5137 2527 5144 2527 5144 2561 5178 2575 5192 2718 5185 2964 5165 2971 5165 2971 5165 3162 5192 3224 5199 3244 5192 3326 5165 3326 5165 3333 5165 3333 5165 3340 5165 3340 5165 3346 5165 3346 5165 3346 5165 3353 5165 3401 5199 3442 5226 3872 5233 3920 5206 3941 5192 3948 5192 3948 5192 3948 5192 3954 5192 3954 5192 3961 5192 3961 5192 3961 5192 3968 5192 3968 5192 4009 5213 4077 5240 4180 5213 4330 5172 4337 5172 4337 5172 4344 5172 4344 5172 4344 5172 4351 5172 4351 5172 4351 5172 4446 5219 4446 5369 4446 5390 4262 5438 4255 5438 4255 5438 4248 5438 4248 5438 4248 5438 4241 5438 4241 5438 4153 5404 3176 5404 3169 5404 3169 5404 3162 5404 2998 5363 2943 5342 1038 5315"/></Shape>
	    <String CONTENT="sur luy de son coté, soit en le coupant ou en le"
                    HPOS="1038"
                    VPOS="5076"
                    WIDTH="3408"
                    HEIGHT="362"></String>
          </TextLine>

          
          
          <TextLine ID="eSc_line_d96ffbd1"
                    TAGREFS="LT970"
                    BASELINE="1058 5499 2554 5526" 
                    HPOS="1051"
                    VPOS="5356"
                    WIDTH="1503"
                    HEIGHT="198">
            <Shape><Polygon POINTS="1058 5499 1058 5356 1434 5404 1898 5404 1939 5376 1953 5363 1953 5363 1960 5363 1960 5363 1967 5363 1967 5363 1967 5363 1974 5363 2554 5397 2554 5526 2547 5547 1051 5554"/></Shape>
	    <String CONTENT="prenant par les flancs"
                    HPOS="1051"
                    VPOS="5356"
                    WIDTH="1503"
                    HEIGHT="198"></String>
          </TextLine>

          
          
          <TextLine ID="eSc_line_c6faef06"
                    TAGREFS="LT970"
                    BASELINE="1031 5881 1372 5854 4515 5943" 
                    HPOS="1024"
                    VPOS="5670"
                    WIDTH="3491"
                    HEIGHT="334">
            <Shape><Polygon POINTS="1031 5881 1024 5670 1140 5670 1140 5670 1140 5670 1147 5670 1147 5670 1147 5670 1154 5670 1154 5670 1243 5731 1359 5690 1359 5690 1366 5690 1366 5690 1372 5690 1372 5690 1974 5752 2015 5711 2042 5690 2042 5683 2042 5683 2049 5683 2049 5683 2049 5683 2056 5683 2056 5683 2062 5683 2739 5697 2739 5697 2739 5697 2745 5697 2745 5697 2868 5752 2896 5758 2943 5752 3237 5711 3237 5711 3244 5711 3387 5717 3387 5717 3387 5717 3394 5717 3394 5717 3394 5717 3401 5717 3483 5779 3510 5793 3743 5786 4166 5779 4173 5779 4173 5779 4515 5827 4515 5943 4508 5963 4344 6004 4344 6004 4344 6004 4337 6004 4337 6004 4337 6004 4112 5963 4105 5963 4105 5963 3756 5990 3750 5990 3750 5990 3750 5990 3743 5990 3743 5990 3654 5956 3640 5949 3620 5956 3510 5984 3504 5984 3504 5984 3504 5984 3497 5984 2916 5943 2472 5915 1024 5915"/></Shape>
	    <String CONTENT="9^e. apres avoir battu la sortie ne la point poursuivre"
                    HPOS="1024"
                    VPOS="5670"
                    WIDTH="3491"
                    HEIGHT="334"></String>
          </TextLine>

          
          
          <TextLine ID="eSc_line_399ca9fb"
                    TAGREFS="LT970"
                    BASELINE="1031 6086 4549 6216" 
                    HPOS="1024"
                    VPOS="5949"
                    WIDTH="3532"
                    HEIGHT="342">
            <Shape><Polygon POINTS="1031 6086 1024 5984 1400 5956 1407 5956 1407 5956 1407 5956 1413 5956 1577 6004 1584 6004 1591 6004 1646 5956 1646 5949 1653 5949 1653 5949 1653 5949 1659 5949 1659 5949 1666 5949 1775 5949 1775 5949 1775 5949 2131 6025 2165 6025 2233 6025 3060 5997 3066 5997 3237 6004 3237 6004 3237 6004 3244 6004 3244 6004 3251 6004 3251 6004 3251 6011 3251 6011 3306 6065 3306 6072 3524 6072 3661 6072 3784 6025 3784 6025 3790 6025 3790 6025 3790 6025 3797 6025 3797 6025 3804 6025 3804 6025 3804 6025 3811 6025 3811 6025 3811 6031 3866 6079 3982 6031 3982 6031 3989 6031 3989 6031 3989 6031 3995 6031 3995 6031 4002 6031 4002 6031 4173 6100 4187 6100 4193 6100 4364 6052 4371 6052 4371 6052 4378 6052 4378 6052 4378 6052 4385 6052 4556 6113 4549 6216 4521 6263 4494 6236 4439 6263 4378 6291 4378 6291 4371 6291 4371 6291 4371 6291 4364 6291 4364 6291 4016 6243 3722 6209 3613 6229 3572 6236 3572 6236 3572 6236 3565 6236 3565 6236 3469 6222 3203 6188 3107 6209 3060 6222 3053 6222 3053 6222 3046 6222 3046 6222 3046 6222 3039 6222 3039 6222 3039 6222 3032 6222 3032 6222 3019 6209 2991 6188 2964 6209 2923 6236 2916 6236 2916 6236 2916 6236 2909 6236 2909 6236 2903 6236 2903 6236 2903 6236 2896 6236 2780 6195 2718 6181 2609 6188 2377 6216 2377 6216 2370 6216 2370 6216 2370 6216 2363 6216 2363 6216 2281 6181 2240 6161 2213 6175 2151 6209 2151 6209 2151 6209 2144 6209 2144 6209 2144 6209 2137 6209 2137 6209 2131 6209 2131 6209 2131 6209 2124 6209 2124 6209 2083 6168 2062 6154 1871 6154 1857 6161 1830 6188 1830 6188 1823 6188 1823 6188 1823 6188 1816 6188 1816 6188 1816 6188 1810 6188 1810 6188 1803 6188 1687 6154 1584 6127 1523 6147 1448 6181 1448 6181 1441 6181 1441 6181 1441 6181 1434 6181 1434 6181 1434 6181 1427 6181 1427 6181 1420 6181 1359 6141 1311 6120 1024 6127"/></Shape>
	    <String CONTENT="avec trop d&#39;opiniatreté, mais se contenter de la pousser"
                    HPOS="1024"
                    VPOS="5949"
                    WIDTH="3532"
                    HEIGHT="342"></String>
          </TextLine>

          
          
          <TextLine ID="eSc_line_26898e28"
                    TAGREFS="LT970"
                    BASELINE="1031 6366 4494 6448" 
                    HPOS="1017"
                    VPOS="6209"
                    WIDTH="3477"
                    HEIGHT="314">
            <Shape><Polygon POINTS="1031 6366 1031 6256 1229 6256 1277 6209 1277 6209 1284 6209 1284 6209 1284 6209 1290 6209 1290 6209 1297 6209 1297 6209 1885 6270 1939 6277 1953 6277 2083 6229 2083 6229 2090 6229 2090 6229 2096 6229 2554 6243 2554 6243 2554 6243 2561 6243 2561 6243 2561 6243 2568 6243 2568 6243 2602 6277 2636 6250 2636 6243 2636 6243 2643 6243 2643 6243 2643 6243 2650 6243 2650 6243 2657 6243 2657 6243 2657 6243 2663 6243 2800 6284 3333 6256 3340 6256 3340 6256 3340 6256 3346 6256 3346 6256 3346 6256 3353 6256 3353 6256 3415 6311 3415 6311 3428 6311 3620 6263 3620 6263 3620 6263 3627 6263 3627 6263 3627 6263 3633 6263 3633 6263 3633 6263 3640 6263 3640 6263 3702 6318 3709 6325 4494 6338 4494 6448 4480 6475 3722 6468 3702 6475 3633 6523 3627 6523 3627 6523 3627 6523 3620 6523 3620 6523 3613 6523 3613 6523 3613 6523 3606 6523 3606 6523 3606 6523 3599 6523 3538 6475 3517 6461 3442 6475 3353 6488 3353 6488 3353 6488 3346 6488 3346 6488 3346 6488 3271 6475 3196 6454 3169 6475 3121 6516 3121 6516 3114 6516 3114 6516 3114 6516 3107 6516 3107 6516 3107 6516 3101 6516 3101 6516 3094 6516 2943 6475 2855 6448 2773 6475 2711 6488 2704 6488 2704 6488 2704 6488 2698 6488 2698 6488 2691 6488 2691 6488 2691 6488 2684 6488 2684 6488 2663 6468 2622 6441 2438 6441 2383 6468 2342 6495 2336 6495 2336 6495 2329 6495 2329 6495 2329 6495 2322 6495 2322 6495 2158 6468 1987 6441 1851 6468 1775 6482 1775 6482 1775 6482 1769 6482 1017 6461"/></Shape>
	    <String CONTENT="et renfermer chez elle apres quoi se jetter"
                    HPOS="1017"
                    VPOS="6209"
                    WIDTH="3477"
                    HEIGHT="314"></String>
          </TextLine>

          
          
          <TextLine ID="eSc_line_a767ea29"
                    TAGREFS="LT970"
                    BASELINE="1017 6625 1994 6639 4316 6727" 
                    HPOS="997"
                    VPOS="6454"
                    WIDTH="3319"
                    HEIGHT="362">
            <Shape><Polygon POINTS="1017 6625 997 6509 1086 6454 1092 6454 1092 6454 1092 6454 1099 6454 1099 6454 1106 6454 1106 6454 1106 6454 1113 6454 1263 6502 1475 6461 1475 6461 1475 6461 1482 6461 1482 6461 1489 6461 1489 6461 1489 6461 1591 6509 1714 6468 1721 6468 1721 6468 1721 6468 1728 6468 1728 6468 1734 6468 1734 6468 1878 6523 1933 6475 1933 6475 1939 6475 1939 6475 1939 6475 1946 6475 1946 6475 1953 6475 1953 6475 1953 6475 1960 6475 1960 6475 1960 6475 2076 6536 2342 6488 2342 6488 2342 6488 2349 6488 2349 6488 2595 6529 2984 6516 2991 6516 2991 6516 2991 6516 2998 6516 2998 6516 3128 6577 3135 6577 3176 6577 3702 6564 3709 6564 4310 6618 4316 6727 4296 6816 4118 6775 3688 6796 3613 6796 3606 6796 3606 6796 3606 6796 3599 6796 3599 6796 3586 6789 3497 6755 3394 6782 3374 6789 3367 6789 3367 6789 3360 6789 3360 6789 3360 6789 3353 6789 3353 6789 3353 6789 3346 6789 3346 6789 3346 6782 3340 6782 3299 6741 3176 6775 3142 6782 3135 6782 3135 6782 3128 6782 3128 6782 3128 6782 3121 6782 3121 6782 3114 6782 3114 6782 3107 6775 3039 6720 2725 6707 2199 6700 2165 6734 2158 6734 2158 6741 2158 6741 2151 6741 2151 6741 2151 6741 2144 6741 2144 6741 2144 6748 1960 6748 1953 6741 1953 6741 1946 6741 1946 6741 1946 6741 1939 6741 1919 6727 1851 6686 1748 6720 1741 6720 1734 6720 1734 6720 1734 6720 1728 6720 1728 6720 1721 6720 1721 6720 1707 6720 1618 6680 1536 6714 1509 6720 1509 6720 1502 6720 1502 6720 1502 6720 1495 6720 1004 6686"/></Shape>
	    <String CONTENT="promptement dans la tranchée pour ne pas"
                    HPOS="997"
                    VPOS="6454"
                    WIDTH="3319"
                    HEIGHT="362"></String>
          </TextLine>

          
          
          <TextLine ID="eSc_line_7363b467"
                    TAGREFS="LT970"
                    BASELINE="990 6871 3948 6966 4535 7021" 
                    HPOS="976"
                    VPOS="6693"
                    WIDTH="3559"
                    HEIGHT="410">
            <Shape><Polygon POINTS="990 6871 976 6741 1092 6693 1092 6693 1099 6693 1099 6693 1106 6693 1106 6693 1106 6693 1113 6693 1113 6693 1120 6693 1120 6693 1188 6748 1209 6761 1256 6748 1345 6727 1352 6727 1352 6727 1359 6727 1359 6727 1359 6727 1366 6727 1482 6761 1516 6768 1523 6761 1564 6727 1564 6727 1571 6727 1571 6727 1571 6727 1577 6727 1577 6727 1584 6727 1584 6727 1837 6748 1892 6707 1892 6707 1898 6707 1898 6707 1898 6707 1905 6707 1905 6707 1912 6707 1912 6707 1912 6707 1919 6707 1919 6707 1926 6707 1926 6707 1926 6714 2001 6775 2008 6782 2015 6782 2165 6741 2172 6741 2172 6741 2178 6741 2178 6741 2178 6741 2185 6741 2185 6741 2185 6741 2192 6741 2192 6741 2247 6789 2260 6796 2295 6789 2561 6741 2561 6741 2568 6741 2957 6741 2957 6741 2957 6741 2964 6741 2964 6741 2964 6741 2971 6741 2971 6741 2971 6748 2978 6748 3012 6789 3101 6748 3101 6748 3107 6748 3107 6748 3114 6748 3374 6755 3374 6755 3524 6761 3524 6761 3524 6761 3531 6761 3531 6761 3538 6761 3538 6761 3538 6768 3620 6836 3627 6843 3647 6843 3886 6796 3886 6796 3886 6796 3893 6796 3893 6796 3900 6796 3900 6796 3900 6796 3907 6796 3907 6796 3968 6850 4071 6823 4077 6823 4077 6823 4084 6823 4084 6823 4084 6823 4091 6823 4091 6823 4098 6823 4159 6857 4173 6871 4535 6877 4535 7021 4528 7062 4344 7103 4344 7103 4344 7103 4337 7103 4337 7103 3995 7048 3934 7041 3886 7048 3627 7075 3627 7075 3620 7075 3620 7075 3613 7075 3613 7075 3613 7075 3606 7075 3551 7034 3531 7028 3387 7028 2766 7048 2759 7048 976 6952"/></Shape>
	    <String CONTENT="demeurer exposez aux feux de la place"
                    HPOS="976"
                    VPOS="6693"
                    WIDTH="3559"
                    HEIGHT="410"></String>
          </TextLine>

          
          
          <TextLine ID="eSc_line_8c8b2ade"
                    TAGREFS="LT970"
                    BASELINE="1017 7137 4460 7273" 
                    HPOS="1004"
                    VPOS="6966"
                    WIDTH="3456"
                    HEIGHT="444">
            <Shape><Polygon POINTS="1017 7137 1017 6980 1174 7007 1209 6987 1229 6966 1229 6966 1236 6966 1236 6966 1236 6966 1243 6966 1243 6966 1250 6966 1250 6966 1250 6966 1256 6966 1256 6966 1256 6966 1304 6993 1407 7048 1618 7048 1700 7014 1728 7000 1728 7000 1734 7000 1734 7000 1734 7000 1741 7000 1741 7000 1741 7000 1830 7014 1939 7041 1960 7021 2001 6993 2001 6987 2001 6987 2008 6987 2008 6987 2008 6987 2015 6987 2015 6987 2021 6987 2021 6987 2021 6987 2028 6987 2178 7034 2199 7041 2206 7034 2308 6973 2315 6973 2315 6973 2322 6973 2322 6973 2322 6973 2329 6973 2329 6973 2336 6973 2336 6973 2336 6973 2342 6973 2459 7048 2520 7089 2903 7103 2957 7075 3060 7000 3066 7000 3066 7000 3066 7000 3073 7000 3073 7000 3080 7000 3777 7028 3777 7028 3777 7028 3784 7028 3784 7028 3790 7028 3790 7028 3913 7123 3941 7144 4460 7150 4460 7273 4460 7348 4316 7410 4316 7410 4310 7410 4310 7410 4303 7410 4303 7410 4303 7410 4296 7410 4296 7410 4296 7410 4289 7410 4289 7410 4248 7369 4118 7403 4112 7403 4112 7403 4105 7403 3312 7369 3312 7369 3312 7369 3306 7369 3306 7369 3306 7369 3299 7369 3299 7369 3299 7362 3237 7300 3224 7287 2732 7280 2725 7280 2575 7341 2575 7341 2568 7341 2568 7341 2568 7341 2561 7341 2561 7341 2554 7341 2554 7341 2554 7341 2404 7266 2377 7260 2363 7266 2260 7314 2260 7314 2254 7314 2254 7314 2254 7314 2247 7314 2247 7314 2247 7314 2240 7314 2240 7314 2233 7314 2233 7314 2158 7260 2151 7253 2124 7260 1905 7314 1898 7314 1898 7314 1892 7314 1892 7314 1892 7314 1885 7314 1885 7314 1885 7314 1878 7314 1775 7246 1769 7239 1748 7246 1577 7294 1571 7294 1571 7294 1564 7294 1564 7294 1564 7294 1557 7294 1557 7294 1557 7294 1550 7294 1550 7294 1550 7287 1495 7232 1482 7219 1290 7219 1284 7225 1250 7253 1250 7260 1250 7260 1243 7260 1243 7260 1243 7260 1236 7260 1236 7260 1229 7260 1229 7260 1229 7260 1004 7212"/></Shape>
	    <String CONTENT="qui etant preparée sera pour lors fort dangereux"
                    HPOS="1004"
                    VPOS="6966"
                    WIDTH="3456"
                    HEIGHT="444"></String>
          </TextLine>

          
        </TextBlock>
        

        
      </PrintSpace>
    </Page>
  </Layout>
</alto>
