3591 4696
1069 281 2283 161 represente en perspective une petitte machine

231 250 650 188 La PLAN.

223 438 3203 176 pneumatique a demi proportion. tout en cuivre .a deux piston

211 610 1234 157 failte en angleterre

231 763 3125 172 La F.1. XXXX est la perspective de la machine montée avec sa

184 943 3148 164 manivelle M appliquée a l'axe d'une roue qui est renfermée

176 1111 3266 172 dans le chapiteau C formé de deux pieces qui se joignent >ala<

160 1271 3105 188 ligne ponctuée qui se serrent par quatre visses ce chapiteau est

160 1455 3286 180 entaillé interieurement pour y loger une roue qui [[engraine]] dans

168 1631 3133 176 les deux cremailleres qui servent de tige aux pistons. il y a

164 1807 3254 157 en dessous dela plaque servant au recipiant un conduit en croix

160 1964 3137 168 qui fait communiquer lair au deux [[bouts]] de la pompe et a

164 2124 3160 173 la jutage A la clef F sert a rendre l'air dans le recipiant

199 2285 3235 207 La figure 2 fait voir degrandeur effective la piece

176 2469 3262 199 quelle se visse les corp et qui a un collet pour y attacher une

184 2621 3156 212 [[vessie]] qui sert de soupape la fig 4 fait voir en plan la

180 2837 3281 156 meme piece avec le trou par ou se comminique lair, cette piece

164 3001 3309 149 se couvre d' une [[vessie]] mouillée que l'on etrangle au collet D. F.2.

172 3173 3164 165 et lorsquelle est seche on la coupe au deux coté X.F.4. pour

148 3357 2362 172 que l'aire puisse passer venant du recipiant

203 3502 3274 203 la fig. 3 est le piston avec partie de la cremaillere qui est

160 3690 3317 192 coupé pour laisser voir la sous pape par laquelle l'air s'échape

156 3854 3266 184 en refoulant cest XXXX qua lautre piece une souspape de

148 4030 3274 172 vessie on met un cuir pris entre les deux pieces avis V et y et

148 4195 2789 184 le cuir se releve en [[T]] comme la figure le fait voir -

1632 -11 185 183 111
