3599 4689
316 179 2497 106 Description d'une machine pour arrondire les dents des roues et à Egaliser les ailes des pignons.

2856 168 422 132 PLANCHE

74 269 3356 125 Le Pignon rettendu sur la machine à rettendre n'a pu qu'être ébauché, le fond des dents est resté creux a cause de la courbure de la fraise, les dents sont quarrés et quelques fois inégales

93 351 3334 94 cette machine sert à les arrondir (a) est le pignon en question, on le fait entrer à force sur l'arbre du diviseur (A) la fig.II. fait voir le plan ce diviseur, il est attaché par deux

93 398 3298 106 vis à l'[[assiete]] (b) chassée à force sur l'arbre (a). (B) est une vis de rappel qui fait mouvoir une alidade qui porte un talon (D), fig II, qui entre dans les dens du diviseur

97 461 3483 97 et le fixe solidement malgrés l'effort de la lime qui agit sur le pignon. cette alidade sert à présenter avec justesse les ailes du pignon à la lime. (C) est un vis depression pour l'alidade

85 504 3385 125 (E) la piece sur laquelle l'alidade est ajusté et qui s'arreste par un vis sur la boete de la poupée (EF).  la Poupée (G) est formée sur la piece (GIH) dont la branche (HI)

85 566 3310 129 sert à recevoir la boite de la poupée (EF), et celle du support (L). dout la plaque (e) passe auprés du pignon, pour soutenir l'axe afin que la lime ne puisse le faire fléchir

101 636 3329 122 (MN) est le dossier ou manche de la lime, le bout (M) du dossier forme une machoire dans laquelle la lime (fg) est fixée pour deux vis. le Mouvement du dossier se

89 683 3373 149 fait juste et librement entre huit rouleaux, dont quatre comme (1,8) soutiennent le dessous du plan du dossier, et quatre portés par les chapes (3,4) contiennent les cotés

89 761 2759 141 ces derniers se meuvent en coulisse par les vis de rapel dont on voit le têtês (5,6) elles servent à donner ou a oter du jeu au dossier.

89 832 3326 129 Pour regler la course du dossier selon la longueur des limes il porte en dessous deux talons comme (h) qui viennent frapper sur le martonet (i) pour empecher

93 898 3384 121 la lime de sortir du pignon.  Le mentonuet est rendu mobile le long du chassis (OP) au moyens de la vis de rappel (7), et il est rendu fixe par la vis (8) à quel point

89 1000 3318 109 du chassis ou juge a propos.  Les quatre rouleaux comme (1,8) qui soutiennent le dessous du dossier ont leurs chappes attachées au chassis (OP)

93 1066 3294 129 ainsi le dossier ne peut monter ny descendre, ny senfoncer plus ou moins dans les dents du Pignons, il a donc fallu fair monter ou

93 1164 3306 129 descendre le chariot ou piece (GIH) qui porte le pignon, afin quil puisse s'approcher de la lime et que celle cy pu le figurer en le limant

91 1242 3160 133 pour cet effet le bout (GQ) du chariot porte un talon ou languette qui coule juste dans une rainure formée par les languettes (9,10)

97 1328 3267 129 arrestées par trois vis sur le bout (OR) du chassis (OP) le chariot peut donc monter, et descendre dans cette coulisse pour le

97 1418 1325 117 faire mouvoir ou resert de la vis rappel (S.)

117 1488 3321 149 Le chassis (OPR) est fixé par deux vis (1,n) sur la piece T du grand chassis d'assemblage (TVXY) le bras (V) fixe

97 1605 3271 98 et rend solide le bout (P) du chassis du dossier, et celui (X) sert à fixer le bout de la branche (H) du chariot afin que

85 1672 3295 125 l'effort de la lime ne puisse le faire fléchir, pour cet effet le bout (X) du grand chassis est fendu apres que la branche

93 1766 3251 125 qui porte la vis (Z) puisse monter, et descendre convenablement, et librement pour présenter le pignon à la lime, lorsque le

93 1871 2943 121 chariot est à ce point, on sert la vis (Z) cette vis passe dans la fente faite dans la branche (X).

117 1973 3153 133 (e), fig. IV, est la plaque qui ssattache au support (L) fig. I. pour soutenir le pignon au bout de l'axe.

101 2078 3290 133 Ce support porte deux broches parallelles, qui entrent dans des trous faits dans la boete (K) et fixées chaqu'une

62 2164 3359 156 par une vis (f) on ne voit ici qu'une des broche (L).  Les vis (n et o) servent à fixer, l'une (n) la boete (E) de la poupée

97 2266 1075 129 (EF), et l'autre la boete du support.

113 2352 3216 148 (M) fig. III. est le bout du manche dun dossier de lime que lon employe l'orcequ'on doit arrondir des roues plus grandes que ne le

109 2457 1094 129 permet la course du chariot (GIH).

113 2551 3282 125 La figure VII fait voir en place la machine représentée enprofil par la fig. I.. le dossier est réparé de son chariot pour laisser voir

105 2661 3333 85 la disposition des rouleaux. (A) est le diviseur, (a) le pignon, (b) le bout de l'alidade, (B et C) les Poupées portant les broches (1,2,) qui soutiennent la

101 2727 3201 94 l'arc du diviseur, (3.4.5.6) sont les rouleaux qui soutiennent la bare du dossier, (i,l,m,n) leur chapes, (7,8,9,10) sont les quatre

97 2778 3263 109 rouleaux qui maintiennent les cotés du dossier, (H,H,H,H) leurs chapes arrestées par des vis (o,o,o,o.) dessus le chassis (IK).  (P) est

105 2868 3224 101 la vis de rapel qui fait mouvoir le mentonet (L) qui borne la course du dossier.  (M) est un fort bras du chassis (iK) qui sert

101 2934 3240 109 à attacher l'outil à l'Etau. (NO) est le bout du grand support ou chassis dont le bout (o) soutient le bout (P) de

105 3020 2067 106 la branche du chariot, (Q) est la vis que arrete ensemble ces deux pieces.

109 3063 3263 148 La fig. VIII, est le manche ou dossier de la lime sur un plan. (AB) est la partie qui se met entre les rouleaux.  (CD) la machoire, où s'attache la lime

105 3168 3142 126 par le moyen des vis de pression (1,8) la vis (3) sert à maintenire les machoires parallelles pour que la lime soit arretée par tous ses points.  la

113 3243 3196 125 machoire (CD) sattache par la vis (a) dans une fente faite dans la piece (EE) qui est faite en quelle [[ronde]] pour entrer dans la coulisse

109 3344 3224 118 (FG), on peut par ce moyen fair mouvoir la machoire et la lime parallellement à elle même, avec lavis de rappel (bc)

125 3430 1695 90 La figure IV représente le support de l'axe pour un pignon.

117 3477 3270 117 L'Outil à arrondir les deux des pignons, sert egalement à arrondir celles des roues, au support près qui est différents pour

121 3563 3223 98 il a de moins l'équipage du diviseur, on se contente de les arrondir sans chercher à les rendre plus justes que ne les a rettendus

121 3618 3302 133 la machine propre à cela, parcequ'en effet les roue se rettendent bien plus juste que les pignons, la lime même qui entrent juste dans les dents de la

113 3719 3267 118 roue la contient, et lime également des deux cotés. pour arrondir les dents des roues , il faut soutenir leur axe afin que les pivots ne soient point fatigués

113 3782 3337 152 c'est l'office du support que nous allons décrire. ce support doit empecher la roue de fléchir sous l'effort de la lime, il a donc fallu faire mouvoir

121 3872 3317 148 la roue dans une espèce de machoire, assez justement prise pour l'empécher de plier, mais pas assez pour l'empécher de tourner, tel est

121 3938 3333 164 le support vu en plan par la fig. VI, et de profil par la figure (V.), (A) est le support qui soutient la tige, et (BO) la machoire

113 4016 3337 145 entre laquelle on fait passer librement la roue. la piece (B) est une plaque que l'on fait approcher au moyen de la boete du support

121 4075 3341 160 jusqu'a ce quelle ne fasse que toucher la roue et la plaque dacier (O) porte deux broches comme (ab) que l'on fait mouvoir de ([[OunB]])

121 4134 3329 160 jusqu'à ce que la plaque (O) touche la roue légérement alors on sert les vis de pression (C) la placque (B) fig VI, est fendue pour le pasage

109 4188 2446 145 de la tige de la roue (1 et 2) sont les broches du support qui entrent dans la boete (K) du support fig. I.

121 4243 3337 199 Le support qui sert aux roues peut s'élever par les broches, et par les plaques mêmes  (d,e) attachées lune sur l'autre par deux vis

113 4329 1379 121 qui servent à les fixer à que'lle hauteur on veut.

1438 7 226 125 122
