3645 4822
715 52 2190 164 Service des pieces de 12 de Campagne

48 144 3420 193 Pour mettre les [[tourillons]] en avant on otera le coffret de dessus laffut qui

44 269 3363 160 doit rester sur son avant train. les 2 Can^[[??]] et les 2 p^r servant prendront chacun un

36 369 3404 153 levier; pendant cetems les deux [[2^d]] servants oteront les sus bandes quil placeront a-

44 482 3408 148 ferre en avant des roues pour les caller le 1^er serv. de la gauche mettra son levier

40 590 3412 165 dans la volée le 1^r serv. de la droite et le 2^me cano. ala gauche embarrent sous le

0 742 3448 125 bouton, le 1^er can. passe ensuite son levier en rouleau sous le 3^me renfort, apres

40 815 3408 157 quoi le 1^er servant de la droite porte son levier en croix sous celui qui est dans

32 932 3440 165 la volée et le 2^me canonier de gauche passe le gros bout dulevier dans une anse

36 1052 3416 145 de la piece pour la maintenir les 2^me et 3^me serv. se portent au levier qui est en croix

40 1157 3396 148 aident a soulever la piece tandis que le 1^er canonier fait tourner son levier pour

28 1257 3468 149 la faire descendre doucement dans ses premiers [[encastrements]] tout doit agir avec [[forte]]

36 1394 3428 161 precautions et sans secousse on ote ensuite lavantrain sur lequel on placera le cofret

36 1494 2680 137 entre les deux armons la sellette la [[sasseoire]] ou l'on laccrochera

164 1607 3259 153 pour la remettre en porte corp on ramenera l'aventtrain sous laffut et l'on

16 1707 3387 209 suivra en sens contraire les memes procedés pour [[plaur]] lapiece dans ses secondes

48 1852 623 116 encastrements

574 1924 1957 161 Manoeuvre a faire aves les chevaux

48 2057 3432 169 pour faire delongs trajet en retraite ou pour couvrir une colonne qui ouroit a

32 2177 3456 161 craindre de l'ennemis sur son flanc ou enfin pour franchir des fossés XXXX

32 2298 3424 153 avec les pieces des 3 clibre 12.8. et 4 on fait mettre abas le crosse delaffut, une

36 2411 3428 144 demi prolonge est attachée dun bout aux [[armons]] de lavant train elle passe sur

28 2523 3416 157 la sellette embrasse d'un tour la chaville ouvier passe sur le couvert du coffret et

28 2644 3436 144 est attaché de lautre bout a l'anneau [[démbrelage]], on laisse en viron 4 toise de corde

32 2760 3387 133 entre la piece et lavant- qui reste attellé faisant marcher les chevaux. la piece tirée

52 2869 3380 156 par le cordage suit aisement aumoyen de la crosse faitte en trainau les canoniers

44 2981 3392 177 portant chacun l'armament dont ils doivent faire usage accompagnant la piece et gardant

24 3114 3416 152 leurs poste respectif a droite et a gauche ----- des quon veut tirer le maitre [[cañ-

28 3230 3412 141 crit halte dirige la piece en faisant le command^t chargé sil ne veut pas tirer davan-

28 3335 3408 168 tage il dit marche et le chartier fouette. s'il faut monter ou descendre passer unfossé

32 3459 3387 149 des que les chevaux sont arrivé au mauvais pas le canonier allonge le cordage si lest

36 3576 3391 169 besoin et approchant la piece pendant que les chevaux passent a vu l'avantrain ils

36 3688 3367 145 ôtent les leviers de la crosse accrochent les bricoll aux crochet de retraite de lessieu de

24 3805 3403 141 servant de ne point s'engrager dans leurs bricoll mais deles tenir a la main pour sou

32 3909 3404 169 tenir la piece sil ya danger. on peut faire ainsi de fort long trajets en faisant seu

36 4030 3303 161 pour tenir [[lamain]] eloigné. sans beaucoup fatiguer les canoniers et lon peut suivre

32 4138 3371 157 linfantevie la plus legere. les bricoles seront dun bon cuir devant sy elle doivent

36 4247 3375 161 avoir y compris lanneau defer 2 p. 6 po. de long et 3 po. de [[lavy.]] le trait sera de bons

28 4355 3331 153 chanvre de 6^li de [[di]] et 7^pi 6^po de long. y compris la mail on le lacera sur lui meme

28 4440 3444 177 denviron 16 po. passant par lanneau dela bricol. ce trait aura a 3^pi dela mail un crochet de

28 4528 3520 181 fer qui servira aXXXX defacon XXXX placant dans lanneau dela bricol sa long.^r total

36 4629 3456 144 acec le trait sera de 6^pi. et [[non]] faisant point adage le tout sera de 9^pcs il faut que les sacs a porter

44 4717 2845 113 les cartouches les XXXX XXXX XXXX soient de cuir lisse et non a poil.

425 0 213 200 107
