3577 4683
324 195 699 164 La PLANCHE

1315 199 2133 171 fait voir le support de l'outil vu de plusieurs cotés et les lunettes de l'arbre

316 331 2960 152 La figure 1 représente le support vu de coté A est la piece qui porte l’outil. Cette piece est vue de face

335 448 3081 164 Dans le figure [[8]], elle glisse dans un canon de cuivre B, et y est maintenu à la hauteur que lon veut par

339 542 3070 172 le moyen d’un aXXXX C qui est fait de māière que celui qui est à la tête de la poupée Fig. 1^ere planche

328 647 3049 195 I est une des Branches d'une Espece de fourchette réprésentée dans la figure 4. E est le sabot qui

382 776 2948 191 glisse sur la regle du tour ; il est terminé par un cylindre G qui porte une tête F applatie et taillée au

339 901 3089 164 segment de cercle comme il est réprésenté par F dans la figure 4. D est une boëte de cuivre qui

343 1018 2652 141 recouvre letout. Comme il est facile de le voir dans la figure 5. de sorte que la tête F

343 1120 3050 175 est prise entre la plaque de cuivre D et les branches I de la fourchette de maniere cependant

339 1260 3054 164 qu’elle glisse aisément dans cette espece de rainure. Cette tête F sert à affermir et a fixer la

328 1385 1948 156 fourchette sur la regle du tour en serant la vis H.

331 1494 3097 172 La figure 3 est le support vu de face. A est la piece qui soutient l’outil, B le canon de cuivre

351 1623 2991 148 dans lequel il coule, C l’anneau qui le fixe, K la boete de cuivre, F la tête du sabot

359 1748 3038 164 G le cylindre, D les branches de la fourchette E le sabot H la regle, I la vis du sabot

363 1877 1843 152 la figure 6 est la lunette séparée de ces coussinets.

351 2001 3042 164 La figure 7 est une des lunettes qui servent à soutenir l’arbre du tour qui tourne dans les

363 2119 3018 175 trous C pratiqués dans les coussinets B cette lunette seplace sous l’arbre de maniere que

363 2240 2663 163 le>s< coussinet B embrasse l’arbre [[auprés]] de la gorge pratiquée dans son Epaisseur.

363 2353 3022 179 Les coussinets B serent l’arbre par le moyen de la piece a A qui pressent par les vis V

2667 2364 93 86 .les

355 2462 2667 199 E est une clef de cuivre qui entre dans la gorge dont nous avons parlés.

351 2595 3108 144 D est la vis qui lattache à la lunette et sur laquelle elle tourne comme dessus au centre

347 2735 3105 141 G est une piece qui maintient la clef de manière cependant qu’elle joue librement de dans

343 2848 3101 156 cest cette clef qui empéche l’arbre de vaciller. P est une entaille faite dans la lunette

355 2981 2569 141 pour introduire un coin pour oter les coussinets de dans la lunette.

355 3082 3089 153 La figure 8 est le plan de la lunette A est la piece qui sert les coussinets B est le coussinet

359 3223 2956 140 l’on voit par ce plan que les coussinets glissent dans la lunette par le moyen d’une

355 3324 3057 160 [[ferillure]] qui est aprés la lunette, On y voit aussi le trou par ou on met de l’huile pour

355 3445 3089 153 faciliter le frottement. E la clef. G la piece qui le contient. D la vis qui lui sert

351 3570 894 121 de centre de mouvement

339 3680 3038 163 La figure [[O]] fait voir la lunette de profil. A la piece qui serre les coussinets .G celle qui

328 3797 3104 164 contient la clef. E la clef .F vis qui sert la clef contre la gorge de l’arbre. cette visse

347 3910 3081 175 se termine en cône qui entre dans un trou conique pratiqué dans l’Epaisseur de la clef de sorte

351 4011 3026 215 quand on tourne la vis dun coté la clef dessert l’arbre lorsque lon dessert tourne de l’autre la clef

335 4128 793 172 presse l’arbre du tour.

1624 0 211 199 131
