3591 4696
1069 281 2279 161 represente en perspective une petitte machine

227 250 650 184 La PLAN.

219 434 3203 184 pneumatique a demi proportion. tout en cuivre .a deux piston

219 610 1222 157 failte en angleterre

231 763 3121 172 La F.1. p' est la perspective de la machine montée avec sa

184 943 3144 184 manivelle M appliquée a l'axe d'une roue qui est renfermée

176 1111 3262 172 dans le chapiteau C formé de deux pieces qui se joignent ala

168 1264 3094 195 ligne ponctuée qui se serrent par quatre visses ce chapiteau est

164 1455 3278 176 entaillé interieurement pour y loger une roue qui engraine dans

168 1624 3129 183 les deux cremailleres qui servent de tige aux pistons. il y a

164 1804 3250 148 en dessous dela plaque servant au recipiant un conduit en croix

164 1964 3129 172 qui fait communiquer lair au deux [?] de la pompe et a

172 2121 3148 180 la jutage A la clef F sert a rendre l'air dans le recipiant

203 2285 3227 215 La figure 2 fait voir degrandeur effective la piece

176 2469 3258 195 quelle se visse les corp et qui a un collet pour y attacher une

184 2621 3152 208 vessie qui sert de soupape la fig 4 fait voir en plan la

176 2833 3285 160 meme piece avec le trou par ou se comminique lair, cette piece

168 3005 3301 153 se couvre d' une vessie mouillée que l'on etrangle au collet D. F.2.

168 3169 3164 165 et lorsquelle est seche on la coupe au deux coté X.F.4. pour

152 3353 2354 180 que l'aire puisse passer venant du recipiant

203 3502 3270 203 la fig. 3 est le piston avec partie de la cremaillere qui est

160 3690 3313 172 coupé pour laisser voir la sous pape par laquelle l'air s'échape

164 3850 3254 188 en refoulant cest dememe que lautre piece une souspape de

144 4030 3274 172 vessie on met un cuir pris entre les deux pieces avis V et y et

144 4195 2789 184 le cuir se releve en [?] comme la figure le fait voir -

1656 3 161 169 111
