3622 4738
300 102 1706 154 la cartouche au 1er servant et son saxtant

185 201 36 213 3

319 217 1632 181 vuide il va le remplir au coffret au

315 319 522 142 ous laisson

335 414 1600 194 porte ure longue bricole pendante -

264 576 1643 150 a la droitte .. marchand en avant il

304 679 1663 126 laccroche au bout de lessieu est envetuele

308 777 1651 154 a la crosse ilest pourvoyuer de la piece

86 848 131 316 4

264 896 1651 154 chargé d'un sac pendant a sa gauche

308 987 1576 169 pendant laction il se place entre la

288 1113 1663 182 piece et le coffret pour remplacer le 3^eme

292 1235 1659 174 servant lorsquil a vuidé son sac il va

300 1354 790 118 lefaire remplir.

280 1441 1687 154 Lorsquon separe la piece de son avant

288 1551 1647 142 train il aide au 5me serv. dela droitte a

300 1658 1655 154 enlever lecoffret et le placer sur son avant

284 1764 1667 150 trains.. pour marcher en avant il se porte

284 1875 1627 166 au levier qui est en travers delaffut a

94 1962 119 193 5

339 1997 1592 139 droitte du 2^d serv. qu'l aide a soulever et a

280 2092 1611 146 pousser en retraitte il se porte a la volée

256 2203 1675 169 y posant sa main gauche et la droitte aux

248 2317 1675 154 anses pour aider a pousser la piece...il est

284 2447 1635 131 pourvoyeur chargé dun sac.. pendant laction

280 2538 1647 154 il se place en avant du coffret pour remplacer

268 2645 1537 146 le 4^e serv. en suivant les memes procedés

260 2755 1635 154 porte une bricole raccourcie pendante a

252 2854 1639 138 sa droitte est aurdinairement a la garde des

272 2969 1639 150 caissons et au cas que leterrain au la piece doit

268 3063 1623 150 manoeuvrer soit mauvais ou difficile il

236 3190 1655 146 s'y portera et pour marcher en avant il

82 3134 87 218 6

244 3288 1659 135 accrochera au bout de l'essieu a la gauche

260 3391 1631 154 du 4me serv. et en retraite etant a la droite du

264 3502 1568 146 dit serv. il accrochera a la crosse de laffut

272 3608 1631 182 pendant laction il reprend son

268 3723 352 130 caisson

233 3818 1655 150 Ce servant touj. du ce royal sera attaché a la

240 3936 1663 158 garde de l'avanttrain et du coffret se portera

244 4054 1644 147 si besoin est au secour de la piece et se placeant

229 4157 1639 130 entre les deux leviers de lunette il aidera

59 4189 87 166 3

248 4256 1632 138 il aidera au deux XXXX à soutenir lafutt et

240 4366 1671 123 pousser en avant.pour retraite il emmenera lavant

240 4461 1651 134 train a la piece ou len eloignera suivant

264 4544 782 170 les circonstances

849 0 1951 153 Service dune piece de 12 de campagne

2109 114 1457 146 porte une bricole racourcie pendante

2085 217 1461 134 ala gauche; marchant en avant il l'a

2077 323 1473 170 croche a la tette de l'affut et se place

2097 450 1406 158 ala droitte du 13^e serv.. en retraitte

2014 544 47 210 3

2097 556 1434 150 aubout delessieu et toujour ala droitte

2093 663 1426 130 du 1^er servant.. pendant l'action il

2065 762 1458 181 se retire pres del'avant train ou il

2061 888 1462 170 aide aremplir le sac du pourvoyeur

2093 1034 1363 138 et remplaceroit au besoin un des

2089 1137 1244 150 hommes qui pourroit manquer

2089 1235 1446 146 porte une longue bretal. pour marcher

2085 1346 1406 134 en avant il saccroche au bout de lessieu

2010 1429 51 162 4

2097 1445 1426 138 et en retraite a la crosse pend^t l'action il

2046 1547 1066 162 se retire prés des caissons.

2069 1646 1489 154 lorsqu'on separe la piece de son av^_train

2089 1760 1461 158 il aide au 5^me serv. de gauche a enlever le

2081 1879 1454 154 coffret et il le place sur le dit avant train

2089 1989 1477 158 marchant en avant il se porte au levier

1990 2116 71 205 5

2085 2108 1465 154 qui est entravers delaffut a la gauche du

2077 2211 1438 130 2^d serv. de droite qui aide a soulever et

2073 2309 1473 154 a pousser. en retraite il se porte a la voleé

2077 2424 1513 154 en y posant la main droite et la gauche aux

2073 2538 1513 146 anses pour aider a pousser la piece; pendant

2077 2641 1153 122 l'action il se retire au caisson

2121 2755 1425 135 porte une bricole raccourcie est or

2069 2858 1462 142 dinairement a la garde du caisson

2069 2957 1481 150 et au cas que le terrain ou la piece doit

2061 3059 1482 135 maneuvrer soit difficile il s'y portera

1962 3128 95 247 6

2061 3190 1501 130 pour marcher en avant il s'accrochera

2061 3281 1489 126 au bout de l'essieu a la droitte du 4^me

2046 3399 1524 138 serv. et en retraite etant a la gauche du

2042 3498 1536 146 dit servant il s'accrochera avec lui a la crosse

2053 3604 1497 154 delaffut.. pendant l'action il retournera

2053 3715 1016 146 a son 1^er poste au caisson

2061 3814 1493 142 Nota. les servants tiendrons leur bricol

2053 3928 1501 142 des deux mains sans les avoir en band

2046 4035 1520 154 ouillerer dans les occasions XXXX

2049 4145 1490 146 pourroit ettre en danger de verser

2042 4244 1465 138 a dans les Descentes Difficiles

2049 4374 1474 107 en les accrochants aux brochets de

2061 4457 952 150 retraitte et de crosse.

2871 15 154 138 106
