<?xml version="1.0" encoding="UTF-8"?>
<alto xmlns:xsi="http://www.w3.org/2001/XMLSchema-instance"
      xmlns="http://www.loc.gov/standards/alto/ns-v4#"
      xsi:schemaLocation="http://www.loc.gov/standards/alto/ns-v4# http://www.loc.gov/standards/alto/v4/alto-4-2.xsd">
  <Description>
    <MeasurementUnit>pixel</MeasurementUnit>
    <sourceImageInformation>
      <fileName>SIL-39088007769730_dessinsrelatifsa00cirf_0150.jpg</fileName>
      
    </sourceImageInformation>
  </Description>
  
  <Tags>
    <OtherTag ID="BT2320" LABEL="GraphicZone" DESCRIPTION="block type GraphicZone"/><OtherTag ID="BT1768" LABEL="HeadingLine:rubric" DESCRIPTION="block type HeadingLine:rubric"/><OtherTag ID="BT1767" LABEL="TableZone" DESCRIPTION="block type TableZone"/><OtherTag ID="BT1764" LABEL="CustomZone" DESCRIPTION="block type CustomZone"/><OtherTag ID="BT1763" LABEL="TitlePageZone" DESCRIPTION="block type TitlePageZone"/><OtherTag ID="BT1762" LABEL="NumberingZone" DESCRIPTION="block type NumberingZone"/><OtherTag ID="BT1761" LABEL="MainZone" DESCRIPTION="block type MainZone"/>
    <OtherTag ID="LT602" LABEL="HeadingLine:rubric" DESCRIPTION="line type HeadingLine:rubric"/><OtherTag ID="LT599" LABEL="HeadingLine:title" DESCRIPTION="line type HeadingLine:title"/><OtherTag ID="LT598" LABEL="HeadingLine" DESCRIPTION="line type HeadingLine"/><OtherTag ID="LT597" LABEL="DropCapitalLine" DESCRIPTION="line type DropCapitalLine"/><OtherTag ID="LT596" LABEL="DefaultLine" DESCRIPTION="line type DefaultLine"/>
  </Tags>
  
  <Layout>
    <Page WIDTH="3645"
          HEIGHT="4822"
          PHYSICAL_IMG_NR="5"
          ID="eSc_dummypage_">
      <PrintSpace HPOS="0"
                  VPOS="0"
                  WIDTH="3645"
                  HEIGHT="4822">
        
        <TextBlock HPOS="0"
                   VPOS="23"
                   WIDTH="3564"
                   HEIGHT="4798"
                   ID="eSc_textblock_31ef6b56"
                   TAGREFS="BT1761">
          <Shape><Polygon POINTS="2889 64 3022 176 3484 225 3516 1394 3452 1844 3412 1859 3491 1960 3413 2075 3489 2125 3500 2105 3468 4384 3564 4548 3500 4737 3038 4753 2961 4821 0 4821 32 273 64 160 716 173 841 23"/></Shape>
          
          
          <TextLine ID="eSc_line_0365dbf6"
                    TAGREFS="LT599"
                    BASELINE="727 176 2905 156" 
                    HPOS="723"
                    VPOS="48"
                    WIDTH="2178"
                    HEIGHT="168">
            <Shape><Polygon POINTS="2869 64 2467 68 2439 64 2354 52 2326 52 2310 52 2270 68 2262 68 2258 68 2198 48 2170 48 2146 68 2141 76 1900 76 1892 68 1872 52 1872 48 1868 48 1864 48 1728 48 1724 48 1720 48 1716 48 1716 52 1695 72 1691 72 1679 72 1539 52 1535 52 1434 72 1398 80 1366 72 1273 52 1269 52 1265 52 1181 76 1149 84 1117 76 1052 56 1048 56 1044 56 1040 56 996 76 980 84 964 76 912 56 908 56 904 56 795 72 759 120 731 148 723 172 723 196 1113 216 1117 216 1121 216 1125 216 1153 200 1161 192 1169 200 1185 212 1189 212 1193 212 1197 216 1374 216 1374 212 1378 212 1382 212 1382 208 1394 200 1402 192 1422 200 1466 212 1470 212 1474 212 1478 212 1503 200 1519 192 1639 200 1768 208 1772 208 1812 200 1868 188 1957 200 2021 208 2025 208 2125 200 2318 184 2411 200 2435 204 2439 204 2443 204 2455 200 2511 180 2531 196 2531 200 2535 200 2539 200 2543 204 2897 204 2901 152 2889 68"/></Shape>
	    <String CONTENT="Service des pieces de 12 de Campagne"
                    HPOS="723"
                    VPOS="48"
                    WIDTH="2178"
                    HEIGHT="168"></String>
          </TextLine>

          
          
          <TextLine ID="eSc_line_42fd1017"
                    TAGREFS="LT596"
                    BASELINE="52 297 1056 277 3468 293" 
                    HPOS="44"
                    VPOS="168"
                    WIDTH="3420"
                    HEIGHT="161">
            <Shape><Polygon POINTS="3460 221 3419 216 3379 212 3339 208 3299 204 3259 200 3219 196 3178 192 3166 188 3162 196 3146 204 2937 204 2913 196 2845 172 2841 172 2837 172 2833 172 2776 196 2760 200 2748 196 2716 172 2712 172 2708 172 2704 172 2596 192 2563 172 2559 172 2555 172 2266 172 2262 172 2258 172 2186 196 2166 200 2150 196 2093 172 2089 172 2085 172 2081 172 2009 196 1985 200 1953 196 1824 168 1820 168 1816 168 1812 168 1780 192 1667 176 1663 176 1543 196 1519 196 1478 196 1165 168 1145 168 984 196 960 196 956 196 920 172 888 172 831 196 823 196 819 196 755 172 727 172 679 196 671 196 663 196 594 172 566 172 562 168 510 196 56 196 48 212 48 293 44 305 1193 325 1197 325 1370 317 1583 305 1607 317 1615 325 1619 325 1623 325 1627 325 1732 317 1937 305 1965 321 1969 325 1973 325 1977 325 1981 325 2073 321 2310 309 2363 325 2383 329 2387 329 2391 329 2535 325 2933 309 3456 329 3464 289 3460 221 3460 221"/></Shape>
	    <String CONTENT="Pour mettre les tourillons en avant on otera le coffret de dessus laffut qui"
                    HPOS="44"
                    VPOS="168"
                    WIDTH="3420"
                    HEIGHT="161"></String>
          </TextLine>

          
          
          <TextLine ID="eSc_line_eb4a9774"
                    TAGREFS="LT596"
                    BASELINE="56 385 1201 373 3407 401" 
                    HPOS="48"
                    VPOS="277"
                    WIDTH="3355"
                    HEIGHT="152">
            <Shape><Polygon POINTS="1816 281 1812 281 1748 305 1583 281 1579 281 1442 301 1346 277 1342 277 1338 277 1334 277 1273 297 1093 277 1089 277 847 301 835 301 823 301 679 281 675 281 562 297 542 285 530 285 502 285 486 297 486 301 321 301 313 297 265 289 249 289 208 293 168 293 128 293 88 293 52 293 52 293 52 381 48 405 518 409 522 409 526 409 715 385 936 413 948 413 952 413 968 413 1277 389 1346 409 1350 409 1354 409 1490 393 1527 417 1531 417 1535 417 1539 417 1551 417 1808 393 1860 413 1864 413 1868 413 2202 397 2511 425 2535 425 2539 425 2547 425 2664 401 3395 429 3403 397 3399 321 3102 321 3098 317 3070 293 3066 293 3062 293 3058 293 2837 313 2784 289 2780 289 2776 289 2588 313 2580 313 2576 313 2495 289 2491 289 2487 289 2387 313 2379 313 2367 313 2250 285 2246 285 2009 309 1997 309 1985 309 1820 281 1816 281"/></Shape>
	    <String CONTENT="doit rester sur son avant train. les 2 Can^[?] et les 2 p^r servant prendront chacun un"
                    HPOS="48"
                    VPOS="277"
                    WIDTH="3355"
                    HEIGHT="152"></String>
          </TextLine>

          
          
          <TextLine ID="eSc_line_20a12970"
                    TAGREFS="LT596"
                    BASELINE="44 478 2033 466 3440 498" 
                    HPOS="40"
                    VPOS="373"
                    WIDTH="3396"
                    HEIGHT="149">
            <Shape><Polygon POINTS="3010 393 2997 393 2969 405 2965 405 2921 393 2889 393 2849 393 2837 393 2764 405 2752 405 2744 405 2676 389 2648 389 2608 389 2580 389 2531 405 2527 405 2523 405 2495 389 2487 389 2447 385 2407 385 2367 385 2326 385 2286 385 2246 385 2206 385 2182 385 2133 393 2105 381 2085 381 2045 381 2005 381 1965 381 1924 381 1884 381 1872 381 1559 393 1370 373 1366 373 1362 373 1314 401 1306 405 1193 405 1169 401 1012 373 1000 373 972 373 912 397 831 373 799 377 787 377 767 393 634 377 630 377 626 377 586 397 542 377 518 377 510 377 482 397 478 397 40 397 40 474 40 514 606 514 606 510 787 486 1036 506 1040 506 1145 486 1378 518 1402 518 1406 518 1410 518 1414 518 1450 494 1531 510 1535 510 1539 510 1603 490 2065 490 2580 494 2668 522 2676 522 2680 522 2684 522 2748 522 3299 502 3427 522 3436 494 3432 409 3070 409 3066 405 3046 393 3010 393"/></Shape>
	    <String CONTENT="levier; pendant cetems les deux 2^d servants oteront les sus bandes quil placeront a-"
                    HPOS="40"
                    VPOS="373"
                    WIDTH="3396"
                    HEIGHT="149"></String>
          </TextLine>

          
          
          <TextLine ID="eSc_line_06b43a17"
                    TAGREFS="LT596"
                    BASELINE="48 594 2226 602 3456 614" 
                    HPOS="44"
                    VPOS="474"
                    WIDTH="3408"
                    HEIGHT="156">
            <Shape><Polygon POINTS="3295 494 3275 490 3198 518 3150 498 3146 498 3142 498 3138 498 3134 498 3098 522 3094 526 3078 522 2949 498 2945 498 2941 498 2897 522 2885 530 2744 530 2720 518 2648 494 2644 494 2640 494 2636 494 2555 518 2547 518 2539 518 2375 482 2218 482 2214 482 2210 482 2206 482 2162 514 2146 522 2085 514 1892 478 1563 478 1559 478 1555 478 1474 506 1450 514 1430 506 1374 478 1370 478 1366 478 1362 478 1358 478 1322 502 1298 518 835 518 807 498 775 474 771 474 767 474 683 474 642 474 614 474 610 474 606 474 554 494 506 514 257 514 196 490 148 474 120 474 112 474 44 486 44 590 44 618 1957 610 2150 626 2194 630 2198 630 2230 626 2375 610 2427 630 2435 630 2439 630 2443 630 2467 630 2612 610 3444 630 3452 610 3448 530 3355 530 3351 526 3303 494 3295 494"/></Shape>
	    <String CONTENT="ferre en avant des roues pour les caller le 1^er serv. de la gauche mettra son levier"
                    HPOS="44"
                    VPOS="474"
                    WIDTH="3408"
                    HEIGHT="156"></String>
          </TextLine>

          
          
          <TextLine ID="eSc_line_4c53515b"
                    TAGREFS="LT596"
                    BASELINE="48 711 2266 703 3452 719" 
                    HPOS="40"
                    VPOS="594"
                    WIDTH="3408"
                    HEIGHT="161">
            <Shape><Polygon POINTS="2973 606 2933 606 2893 606 2889 610 2865 622 2567 622 2551 610 2539 602 2531 602 2491 602 2479 602 2463 610 2447 614 2435 610 2419 602 2411 602 2371 602 2334 602 2318 610 2298 622 2162 622 2121 610 2081 598 2049 598 2009 598 1969 598 1928 598 1888 598 1848 598 1808 598 1768 598 1728 598 1687 598 1647 598 1607 598 1567 598 1527 598 1486 598 1446 598 1406 598 1366 598 1326 598 1285 598 1245 598 1205 598 1165 598 1137 594 1121 610 1105 622 952 622 932 610 908 594 884 594 843 594 835 594 783 610 763 614 755 610 731 594 723 594 683 594 642 594 602 594 562 594 522 594 482 594 442 594 401 594 361 594 321 594 281 594 241 594 200 594 160 594 120 594 80 594 44 606 44 707 40 727 261 751 265 755 442 755 442 751 446 751 482 731 498 723 550 731 683 751 687 755 1185 755 1185 751 1189 751 1229 735 1249 723 1269 735 1302 751 1306 751 1310 751 1551 735 1720 723 1752 735 1784 747 1788 747 1792 747 1852 735 1916 723 2101 735 2210 743 2214 743 2322 739 2543 723 2732 739 2845 747 2849 747 2889 739 2945 727 3440 739 3448 715 3440 610 3038 618 2997 610 2981 606 2973 606"/></Shape>
	    <String CONTENT="dans la volée le 1^r serv. de la droite et le 2^me cano. ala gauche embarrent sous le"
                    HPOS="40"
                    VPOS="594"
                    WIDTH="3408"
                    HEIGHT="161"></String>
          </TextLine>

          
          
          <TextLine ID="eSc_line_1771ca55"
                    TAGREFS="LT596"
                    BASELINE="40 831 1366 815 3432 835" 
                    HPOS="32"
                    VPOS="707"
                    WIDTH="3395"
                    HEIGHT="160">
            <Shape><Polygon POINTS="3247 715 3243 715 3206 715 3166 715 3038 715 3034 715 3030 715 2969 735 2921 751 2889 735 2849 715 2845 715 2395 715 2391 715 2387 715 2310 739 2262 751 2246 739 2222 715 2218 715 2214 715 2210 715 2206 715 2150 739 2125 751 1852 751 1800 739 1631 711 1627 711 1498 739 1470 747 1454 743 1398 715 1394 715 1390 715 1101 743 1040 747 992 743 855 727 851 727 739 743 735 743 679 715 675 715 671 715 667 715 578 739 474 707 470 707 466 707 462 707 458 707 405 747 273 747 112 707 108 707 104 707 36 739 36 827 32 839 293 859 297 859 373 843 430 831 1085 831 1273 847 1478 863 1482 863 1627 851 1796 835 1900 851 1949 859 1953 859 1997 851 2093 835 2170 855 2222 867 2226 867 2230 867 2294 855 2375 839 2495 839 2523 855 2535 867 2539 867 2543 867 2547 867 2551 867 2580 855 2612 843 2780 859 2905 867 2909 867 2985 859 3078 847 3114 859 3138 867 3142 867 3146 867 3423 859 3427 831 3419 735 3311 751 3279 735 3251 715 3247 715"/></Shape>
	    <String CONTENT="bouton, le 1^er can. passe ensuite son levier en rouleau sous le 3^me renfort, apres"
                    HPOS="32"
                    VPOS="707"
                    WIDTH="3395"
                    HEIGHT="160"></String>
          </TextLine>

          
          
          <TextLine ID="eSc_line_60721fc6"
                    TAGREFS="LT596"
                    BASELINE="44 928 2097 928 3452 952" 
                    HPOS="40"
                    VPOS="819"
                    WIDTH="3408"
                    HEIGHT="153">
            <Shape><Polygon POINTS="562 823 542 823 522 827 401 847 357 827 321 827 297 827 269 847 100 847 60 827 40 827 40 924 40 956 450 940 502 960 506 960 510 964 892 964 908 964 908 960 1109 940 1290 964 1302 964 1306 964 1342 964 1784 944 3440 972 3448 948 3448 867 3375 835 3371 835 3367 835 3363 835 3359 835 3319 863 3178 863 2969 863 2961 859 2897 831 2893 831 2889 831 2885 831 2797 859 2772 863 2632 863 2624 855 2584 827 2580 827 2576 827 2571 827 2567 827 2515 855 2503 859 2463 851 2367 835 2363 835 2359 835 2326 851 2306 863 1965 863 1937 847 1900 823 1896 823 1892 823 1888 823 1884 823 1832 843 1808 855 1788 843 1756 823 1752 823 1748 823 1567 823 1563 823 1559 823 1523 839 1486 855 1418 839 1358 823 1354 823 1350 823 1346 823 1342 823 1322 835 1290 855 1253 835 1217 819 1213 819 1209 819 968 831 626 851 586 827 582 823 562 823"/></Shape>
	    <String CONTENT="quoi le 1^er servant de la droite porte son levier en croix sous celui qui est dans"
                    HPOS="40"
                    VPOS="819"
                    WIDTH="3408"
                    HEIGHT="153"></String>
          </TextLine>

          
          
          <TextLine ID="eSc_line_e5a7e19a"
                    TAGREFS="LT596"
                    BASELINE="36 1048 2359 1048 3472 1084" 
                    HPOS="32"
                    VPOS="924"
                    WIDTH="3436"
                    HEIGHT="177">
            <Shape><Polygon POINTS="2805 940 2801 940 2797 940 2716 960 2648 940 2644 940 2640 940 2636 940 2567 968 2415 940 2411 940 2407 940 2350 972 2334 980 2178 980 2166 968 2125 936 2121 936 2117 936 2041 936 2037 936 2033 936 2029 936 1985 968 1981 972 1949 968 1800 940 1796 940 1792 940 1695 964 1691 964 1587 936 1583 936 1579 936 1575 936 1482 964 1458 968 1430 964 1330 940 1326 940 1322 940 1273 960 1253 968 1189 960 1097 948 1093 948 988 956 880 968 811 956 663 928 659 928 470 948 136 928 112 928 72 928 68 924 68 924 64 924 60 924 32 940 32 1044 32 1068 1330 1064 1675 1084 1780 1088 1784 1088 1856 1084 2137 1068 2250 1088 2258 1088 2262 1088 2282 1088 2531 1072 2624 1092 2636 1092 2640 1092 2660 1092 2797 1076 2825 1092 2829 1097 2833 1097 2837 1097 2841 1101 3464 1101 3468 1080 3468 984 3094 980 3006 944 3002 944 2997 944 2993 944 2913 976 2905 980 2893 976 2809 940 2805 940"/></Shape>
	    <String CONTENT="la volée et le 2^me canonier de gauche passe le gros bout dulevier dans une anse"
                    HPOS="32"
                    VPOS="924"
                    WIDTH="3436"
                    HEIGHT="177"></String>
          </TextLine>

          
          
          <TextLine ID="eSc_line_293712b5"
                    TAGREFS="LT596"
                    BASELINE="40 1165 2359 1153 3452 1169" 
                    HPOS="32"
                    VPOS="1052"
                    WIDTH="3416"
                    HEIGHT="145">
            <Shape><Polygon POINTS="2604 1056 2592 1052 2567 1076 2555 1088 2459 1088 2407 1072 2306 1052 2302 1052 2298 1052 2258 1072 2234 1084 2125 1072 2029 1060 2025 1060 2021 1060 1989 1072 1945 1084 1880 1068 1804 1052 1800 1052 1796 1052 1752 1068 1707 1084 1683 1068 1675 1060 1671 1060 1667 1060 1515 1052 1511 1052 1507 1052 1470 1064 1438 1076 1406 1064 1362 1052 1358 1052 1354 1052 1350 1052 1318 1064 1265 1084 1209 1064 1177 1052 1173 1052 1024 1052 1020 1052 1016 1052 980 1060 908 1080 815 1060 771 1052 767 1052 763 1052 743 1060 691 1084 434 1084 325 1056 305 1052 301 1052 297 1052 32 1052 36 1161 36 1197 305 1197 305 1193 309 1193 313 1193 345 1173 651 1193 679 1193 683 1193 687 1193 691 1193 751 1173 1374 1189 1527 1193 1531 1193 1575 1189 1724 1173 1904 1189 1973 1193 1977 1193 2025 1189 2141 1173 2427 1185 2507 1189 2511 1189 2515 1189 2527 1185 2588 1169 2704 1185 2736 1189 2740 1189 3444 1181 3448 1165 3444 1084 2664 1080 2660 1076 2620 1056 2604 1056"/></Shape>
	    <String CONTENT="de la piece pour la maintenir les 2^me et 3^me serv. se portent au levier qui est en croix"
                    HPOS="32"
                    VPOS="1052"
                    WIDTH="3416"
                    HEIGHT="145"></String>
          </TextLine>

          
          
          <TextLine ID="eSc_line_06ac6cf1"
                    TAGREFS="LT596"
                    BASELINE="44 1273 3436 1273" 
                    HPOS="40"
                    VPOS="1157"
                    WIDTH="3392"
                    HEIGHT="152">
            <Shape><Polygon POINTS="3094 1161 3054 1161 3014 1161 2997 1161 2957 1193 2901 1169 2897 1169 2893 1169 2732 1193 2604 1157 2600 1157 2242 1157 2238 1157 2234 1157 2129 1193 1949 1157 1945 1157 1941 1157 1840 1181 1808 1157 1804 1157 1800 1157 1659 1157 1655 1157 1651 1157 1567 1189 1494 1161 1490 1161 1306 1157 1302 1157 1060 1193 876 1157 872 1157 868 1157 864 1157 811 1197 711 1197 630 1161 602 1161 598 1161 554 1197 249 1197 172 1161 160 1161 140 1161 40 1193 40 1269 40 1285 795 1285 819 1289 904 1305 908 1305 988 1289 1020 1285 2294 1297 2933 1305 2937 1305 2941 1305 2949 1305 3026 1285 3062 1305 3066 1305 3070 1305 3074 1309 3432 1309 3432 1269 3432 1197 3166 1197 3110 1161 3094 1161"/></Shape>
	    <String CONTENT="aident a soulever la piece tandis que le 1^er canonier fait tourner son levier pour"
                    HPOS="40"
                    VPOS="1157"
                    WIDTH="3392"
                    HEIGHT="152"></String>
          </TextLine>

          
          
          <TextLine ID="eSc_line_406059e4"
                    TAGREFS="LT596"
                    BASELINE="36 1382 3496 1370" 
                    HPOS="28"
                    VPOS="1273"
                    WIDTH="3464"
                    HEIGHT="149">
            <Shape><Polygon POINTS="2881 1273 2841 1273 2801 1273 2760 1273 2720 1273 2704 1273 2620 1289 2596 1273 2559 1273 2519 1273 2479 1273 2439 1273 2399 1273 2359 1273 2318 1273 2278 1273 2238 1273 2198 1273 2158 1273 2117 1273 2089 1273 1993 1281 1941 1273 1916 1273 1876 1273 1860 1273 1812 1293 1804 1293 1788 1293 1675 1273 1675 1273 1635 1273 1595 1273 1555 1273 1539 1273 1490 1293 1482 1293 1462 1293 1342 1273 1314 1273 1273 1273 1233 1273 1189 1293 1173 1301 920 1301 892 1293 819 1273 791 1273 751 1273 711 1273 671 1273 630 1273 590 1273 550 1273 510 1273 470 1273 450 1273 397 1289 341 1273 309 1273 269 1273 229 1273 217 1273 168 1281 144 1273 108 1273 80 1273 28 1289 32 1378 32 1402 349 1422 353 1422 357 1422 361 1422 385 1402 397 1398 904 1398 956 1402 1117 1422 1121 1422 1205 1402 1249 1394 1370 1402 1579 1418 1583 1422 1699 1422 1699 1418 1703 1418 1707 1418 1728 1402 1744 1394 1920 1402 2186 1414 2190 1414 2194 1414 2230 1402 2250 1394 2266 1402 2302 1418 2306 1418 2310 1418 2314 1418 2318 1418 2338 1402 2354 1394 2443 1402 2555 1410 2559 1410 2563 1410 2567 1410 2576 1402 2592 1390 2620 1402 2656 1414 2660 1414 2664 1414 2732 1402 2772 1394 2877 1402 3070 1414 3074 1414 3488 1398 3492 1366 3484 1293 3006 1293 2913 1273 2881 1273"/></Shape>
	    <String CONTENT="la faire descendre doucement dans ses premiers encastrements tout doit agir avec force"
                    HPOS="28"
                    VPOS="1273"
                    WIDTH="3464"
                    HEIGHT="149"></String>
          </TextLine>

          
          
          <TextLine ID="eSc_line_a3cab065"
                    TAGREFS="LT596"
                    BASELINE="44 1498 3464 1490" 
                    HPOS="36"
                    VPOS="1394"
                    WIDTH="3424"
                    HEIGHT="161">
            <Shape><Polygon POINTS="40 1494 44 1555 140 1518 425 1530 430 1530 434 1530 474 1510 699 1551 711 1551 715 1555 835 1555 835 1551 839 1551 843 1551 896 1522 996 1547 1008 1551 1012 1551 1016 1551 1020 1551 1024 1551 1028 1547 1068 1518 1109 1547 1113 1551 1117 1551 1121 1551 1125 1551 1185 1547 1490 1518 1691 1535 1695 1535 1699 1535 1808 1506 2439 1506 2507 1535 2515 1539 2519 1539 2523 1539 2547 1535 2704 1506 2744 1535 2760 1547 2764 1547 2768 1547 2772 1547 3456 1526 3460 1486 3452 1414 3367 1394 3363 1394 3359 1394 3287 1414 3267 1418 3259 1414 3235 1394 3231 1394 3227 1394 3223 1394 3219 1394 3214 1394 3190 1414 3178 1422 2756 1422 2748 1414 2700 1394 2696 1394 2692 1394 2584 1414 2563 1418 2555 1414 2511 1394 2507 1394 2306 1394 2302 1394 2298 1394 2226 1418 2218 1418 2194 1418 2001 1394 1997 1394 1993 1394 1900 1418 1892 1418 1888 1418 1776 1394 1772 1394 1667 1418 1651 1422 1639 1418 1587 1398 1583 1398 1579 1398 1575 1398 1531 1418 1523 1422 1498 1418 1374 1398 1370 1398 1366 1398 1326 1418 1314 1426 767 1426 763 1422 727 1398 723 1398 719 1398 715 1398 514 1418 385 1398 381 1398 377 1398 325 1422 325 1426 36 1426 40 1494"/></Shape>
	    <String CONTENT="precautions et sans secousse on ote ensuite lavantrain sur lequel on placera le cofret"
                    HPOS="36"
                    VPOS="1394"
                    WIDTH="3424"
                    HEIGHT="161"></String>
          </TextLine>

          
          
          <TextLine ID="eSc_line_dd86779f"
                    TAGREFS="LT596"
                    BASELINE="44 1607 2716 1595" 
                    HPOS="36"
                    VPOS="1498"
                    WIDTH="2676"
                    HEIGHT="149">
            <Shape><Polygon POINTS="40 1603 40 1623 510 1623 518 1627 546 1647 550 1647 554 1647 558 1647 1181 1643 1185 1643 1233 1627 1269 1619 1306 1627 1358 1643 1362 1643 1366 1643 1768 1631 2230 1615 2704 1631 2712 1591 2704 1530 2359 1530 2250 1498 2246 1498 2242 1498 2238 1498 2154 1526 2089 1498 2085 1498 2081 1498 2077 1498 2073 1498 2073 1502 2045 1526 1169 1502 1165 1502 1161 1502 1113 1526 1048 1502 1044 1502 1040 1502 1036 1502 1032 1502 996 1535 606 1535 562 1506 558 1506 554 1506 353 1506 349 1506 345 1506 285 1535 200 1506 196 1506 192 1506 36 1539 40 1603"/></Shape>
	    <String CONTENT="entre les deux armons la sellette la sasseoire ou l&#x27;on laccrochera"
                    HPOS="36"
                    VPOS="1498"
                    WIDTH="2676"
                    HEIGHT="149"></String>
          </TextLine>

          
          
          <TextLine ID="eSc_line_91cbaaa2"
                    TAGREFS="LT596"
                    BASELINE="168 1715 3415 1715" 
                    HPOS="164"
                    VPOS="1607"
                    WIDTH="3247"
                    HEIGHT="153">
            <Shape><Polygon POINTS="164 1711 164 1756 285 1735 482 1756 486 1756 490 1756 574 1727 647 1756 651 1756 655 1760 884 1760 884 1756 888 1756 892 1756 916 1735 992 1756 996 1756 1000 1756 1185 1735 1547 1756 1551 1756 1555 1756 1711 1731 1892 1731 1937 1756 1941 1756 1945 1756 1949 1756 1953 1756 2025 1727 2933 1727 3014 1751 3018 1751 3022 1751 3146 1727 3407 1756 3411 1711 3411 1627 3355 1607 3351 1607 3347 1607 3343 1607 3271 1631 3259 1635 3247 1631 3182 1607 3178 1607 2917 1607 2913 1607 2909 1607 2861 1635 2845 1643 2833 1635 2801 1611 2797 1611 2793 1611 2789 1611 2784 1611 2740 1635 2728 1639 2676 1635 2431 1607 2427 1607 2423 1607 2330 1635 2302 1647 1511 1647 1474 1643 1294 1607 1290 1607 1285 1607 1181 1643 1177 1647 924 1647 916 1643 819 1607 815 1607 811 1607 807 1607 731 1647 727 1651 626 1651 618 1647 470 1607 466 1607 462 1607 458 1607 369 1647 369 1651 164 1651 164 1711"/></Shape>
	    <String CONTENT="pour la remettre en porte corp on ramenera l&#x27;aventtrain sous laffut et l&#x27;on"
                    HPOS="164"
                    VPOS="1607"
                    WIDTH="3247"
                    HEIGHT="153"></String>
          </TextLine>

          
          
          <TextLine ID="eSc_line_bcfdd1aa"
                    TAGREFS="LT596"
                    BASELINE="32 1840 3403 1820" 
                    HPOS="24"
                    VPOS="1715"
                    WIDTH="3375"
                    HEIGHT="197">
            <Shape><Polygon POINTS="3158 1715 3130 1715 3122 1723 3094 1747 2881 1747 2853 1727 2833 1715 2797 1715 2756 1715 2716 1715 2700 1715 2684 1731 2660 1751 2616 1751 2584 1731 2551 1715 2515 1715 2475 1715 2435 1715 2395 1715 2354 1715 2314 1715 2274 1715 2250 1715 2206 1739 2182 1751 1937 1751 1916 1743 1872 1715 1872 1715 1832 1715 1792 1715 1764 1715 1728 1743 1720 1751 1703 1743 1651 1723 1647 1723 1643 1723 1639 1723 1635 1723 1603 1747 1591 1756 1366 1756 1346 1751 1177 1715 1173 1715 1169 1715 1165 1715 1105 1751 1097 1760 988 1760 980 1756 916 1715 912 1715 908 1715 868 1715 827 1715 787 1715 747 1715 739 1715 735 1715 731 1715 727 1715 687 1739 522 1719 518 1719 514 1719 510 1719 458 1760 325 1760 104 1719 100 1719 96 1719 92 1719 24 1756 28 1836 32 1912 192 1872 506 1872 538 1892 542 1892 546 1892 550 1892 554 1892 602 1876 711 1904 715 1904 719 1904 960 1876 1089 1876 1141 1900 1145 1900 1149 1900 1153 1900 1241 1876 1402 1900 1406 1900 1635 1880 1667 1900 1671 1900 1675 1900 1679 1904 1961 1904 1961 1900 2298 1896 2302 1896 2306 1896 2350 1864 2491 1896 2495 1900 2700 1900 2720 1900 2720 1896 2724 1896 2764 1876 2881 1892 2885 1892 2889 1892 2965 1864 2997 1880 3002 1880 3006 1880 3010 1880 3014 1880 3058 1856 3214 1856 3279 1888 3283 1888 3391 1892 3399 1816 3387 1723 3235 1743 3202 1723 3186 1715 3158 1715"/></Shape>
	    <String CONTENT="suivra en sens contraire les memes procedés pour placer lapiece dans ses secondes"
                    HPOS="24"
                    VPOS="1715"
                    WIDTH="3375"
                    HEIGHT="197"></String>
          </TextLine>

          
          
          <TextLine ID="eSc_line_4e0b27a2"
                    TAGREFS="LT596"
                    BASELINE="48 1936 671 1936" 
                    HPOS="44"
                    VPOS="1840"
                    WIDTH="623"
                    HEIGHT="124">
            <Shape><Polygon POINTS="44 1932 44 1964 667 1956 667 1932 667 1868 273 1840 269 1840 265 1840 261 1840 229 1868 44 1868 44 1932"/></Shape>
	    <String CONTENT="encastrements"
                    HPOS="44"
                    VPOS="1840"
                    WIDTH="623"
                    HEIGHT="124"></String>
          </TextLine>

          
          
          <TextLine ID="eSc_line_285aed96"
                    TAGREFS="LT599"
                    BASELINE="582 2065 2531 2053" 
                    HPOS="574"
                    VPOS="1924"
                    WIDTH="1953"
                    HEIGHT="157">
            <Shape><Polygon POINTS="578 2077 2519 2081 2527 2049 2519 1981 2314 1981 2302 1973 2182 1924 2178 1924 2174 1924 2077 1944 1904 1924 1900 1924 1896 1924 1892 1924 1892 1928 1848 1964 1828 1981 1466 1981 1422 1952 1382 1928 1378 1928 1374 1928 1370 1928 1366 1928 1362 1928 1326 1952 1281 1981 1093 1985 1056 1956 1056 1952 1052 1952 1048 1952 1044 1952 1040 1952 1036 1952 992 1989 904 1989 803 1940 787 1932 783 1932 779 1932 574 1932 578 2061"/></Shape>
	    <String CONTENT="Manoeuvre a faire aves les chevaux"
                    HPOS="574"
                    VPOS="1924"
                    WIDTH="1953"
                    HEIGHT="157"></String>
          </TextLine>

          
          
          <TextLine ID="eSc_line_97b6665a"
                    TAGREFS="LT596"
                    BASELINE="60 2173 3480 2161" 
                    HPOS="52"
                    VPOS="2061"
                    WIDTH="3424"
                    HEIGHT="165">
            <Shape><Polygon POINTS="3468 2113 3427 2089 3423 2061 3419 2061 3415 2061 3411 2061 3303 2061 3299 2061 3295 2061 3291 2061 3239 2093 2732 2061 2728 2061 2724 2061 2612 2097 2270 2101 1728 2101 1683 2065 1679 2065 1675 2065 1503 2065 1498 2065 1494 2065 1490 2065 1442 2097 1241 2077 1237 2077 1233 2077 1161 2093 996 2069 992 2069 988 2069 912 2101 767 2069 763 2069 759 2069 703 2089 606 2069 602 2069 598 2069 510 2101 470 2069 466 2069 462 2069 341 2069 337 2069 333 2069 329 2069 293 2093 124 2085 120 2085 116 2085 52 2105 56 2169 60 2226 148 2189 229 2222 233 2222 237 2226 321 2226 321 2222 325 2222 329 2222 381 2189 683 2189 755 2222 759 2222 763 2222 767 2226 1193 2226 1193 2222 1245 2218 1482 2189 1699 2189 1736 2214 1740 2218 1744 2218 1748 2218 1752 2218 1868 2214 2391 2181 2825 2181 2925 2206 2973 2214 2977 2214 2981 2214 3018 2202 3066 2189 3098 2202 3122 2214 3126 2214 3130 2214 3472 2198 3476 2157 3472 2117 3468 2113"/></Shape>
	    <String CONTENT="pour faire delongs trajet en retraite ou pour couvrir une colonne qui ouroit a"
                    HPOS="52"
                    VPOS="2061"
                    WIDTH="3424"
                    HEIGHT="165"></String>
          </TextLine>

          
          
          <TextLine ID="eSc_line_4d3b636b"
                    TAGREFS="LT596"
                    BASELINE="36 2286 3488 2278" 
                    HPOS="28"
                    VPOS="2173"
                    WIDTH="3456"
                    HEIGHT="165">
            <Shape><Polygon POINTS="32 2282 32 2318 719 2306 743 2318 767 2334 771 2334 775 2334 779 2338 1073 2338 1073 2334 1165 2314 1213 2306 1233 2314 1265 2334 1269 2334 1273 2338 1515 2338 1515 2334 1519 2334 1523 2334 1551 2314 1571 2302 1844 2302 2053 2314 2363 2330 2367 2330 2371 2330 2411 2310 2431 2302 2471 2310 2543 2330 2547 2330 2551 2330 2648 2310 2676 2306 2704 2310 2805 2330 2809 2330 2989 2310 3034 2306 3094 2310 3375 2330 3379 2330 3484 2306 3484 2274 3476 2210 3319 2210 3315 2206 3263 2173 3259 2173 3255 2173 3251 2173 3247 2173 3158 2206 3146 2206 3006 2202 2969 2173 2965 2173 2961 2173 2805 2173 2801 2173 2797 2173 2793 2173 2744 2206 2740 2206 2596 2177 2592 2177 2588 2177 2507 2206 2447 2173 2443 2173 2439 2173 2254 2206 2238 2210 2085 2210 2077 2206 2029 2173 2025 2173 2021 2173 2017 2173 2013 2173 1928 2206 1920 2210 1748 2214 1631 2214 1615 2206 1555 2177 1551 2177 1547 2177 1430 2202 1398 2210 1366 2202 1285 2185 1281 2185 1277 2185 1225 2202 1201 2210 1173 2202 1121 2189 1117 2189 1113 2189 1109 2189 1105 2189 1085 2202 1068 2214 795 2214 779 2202 747 2177 743 2177 739 2177 550 2177 546 2177 542 2177 470 2202 442 2210 430 2202 397 2177 393 2177 389 2177 385 2177 381 2177 313 2202 297 2206 273 2202 221 2189 217 2189 212 2189 180 2202 156 2210 140 2202 108 2177 104 2177 100 2177 96 2177 92 2177 28 2198 32 2282"/></Shape>
	    <String CONTENT="craindre de l&#x27;ennemis sur son flanc ou enfin pour franchir des fossés rideaux sec"
                    HPOS="28"
                    VPOS="2173"
                    WIDTH="3456"
                    HEIGHT="165"></String>
          </TextLine>

          
          
          <TextLine ID="eSc_line_08d51903"
                    TAGREFS="LT596"
                    BASELINE="36 2398 3456 2406" 
                    HPOS="28"
                    VPOS="2294"
                    WIDTH="3424"
                    HEIGHT="161">
            <Shape><Polygon POINTS="32 2394 28 2419 176 2447 180 2451 847 2451 847 2447 956 2427 1044 2447 1048 2447 1052 2447 1615 2427 1647 2427 1651 2427 1752 2451 1756 2451 1760 2455 2053 2455 2053 2451 2057 2451 2061 2451 2085 2431 2121 2451 2125 2451 2129 2451 2278 2431 2499 2451 2503 2451 2507 2451 2584 2431 2588 2431 2604 2431 3062 2451 3066 2451 3448 2431 3452 2402 3448 2334 3283 2298 3130 2298 3126 2298 3122 2298 3062 2330 3058 2334 2857 2334 2849 2330 2716 2298 2487 2298 2483 2298 2479 2298 2399 2326 2387 2330 2375 2326 2274 2302 2270 2302 2266 2302 2154 2326 2129 2330 2101 2326 1941 2298 1937 2298 1933 2298 1852 2326 1832 2330 1792 2326 1695 2310 1691 2310 1382 2322 1269 2326 1261 2322 1221 2294 1217 2294 1213 2294 1089 2294 1085 2294 1081 2294 1077 2294 1044 2322 1032 2326 980 2322 747 2294 667 2294 663 2294 659 2294 655 2294 622 2318 610 2330 438 2330 421 2318 385 2294 381 2294 377 2294 373 2294 369 2294 281 2318 241 2326 32 2318 32 2394"/></Shape>
	    <String CONTENT="avec les pieces des 3 calibre 12.8. et 4 on fait mettre abas le crosse delaffut, une"
                    HPOS="28"
                    VPOS="2294"
                    WIDTH="3424"
                    HEIGHT="161"></String>
          </TextLine>

          
          
          <TextLine ID="eSc_line_b462f925"
                    TAGREFS="LT596"
                    BASELINE="40 2515 3464 2523" 
                    HPOS="32"
                    VPOS="2415"
                    WIDTH="3428"
                    HEIGHT="140">
            <Shape><Polygon POINTS="36 2511 32 2535 3452 2555 3460 2519 3452 2423 3231 2447 2716 2423 2712 2423 2543 2447 2511 2423 2507 2423 2503 2423 2395 2423 2391 2423 2387 2423 2334 2451 1764 2451 1615 2419 1611 2419 1607 2419 1503 2443 1390 2419 1386 2419 1382 2419 1322 2443 1257 2419 1253 2419 1024 2419 1020 2419 1016 2419 924 2443 831 2423 827 2423 610 2443 478 2419 474 2419 470 2419 417 2447 208 2447 36 2415 36 2511"/></Shape>
	    <String CONTENT="demi prolonge est attachée dun bout aux aumoins de lavant train elle passe sur"
                    HPOS="32"
                    VPOS="2415"
                    WIDTH="3428"
                    HEIGHT="140"></String>
          </TextLine>

          
          
          <TextLine ID="eSc_line_f7080676"
                    TAGREFS="LT596"
                    BASELINE="36 2623 3444 2644" 
                    HPOS="28"
                    VPOS="2523"
                    WIDTH="3412"
                    HEIGHT="137">
            <Shape><Polygon POINTS="32 2619 28 2656 3432 2660 3440 2640 3436 2547 3198 2539 3194 2539 3162 2543 3086 2563 3030 2543 3014 2539 3010 2539 3006 2539 3002 2539 2997 2539 2989 2543 2953 2567 2760 2567 2620 2543 2547 2535 2543 2535 2471 2543 2359 2559 2238 2543 2190 2539 2186 2539 2182 2539 2170 2543 2133 2559 1965 2543 1904 2539 1900 2539 1828 2543 1675 2555 1655 2543 1639 2531 1635 2531 1631 2531 1627 2531 1478 2543 1366 2551 1350 2543 1318 2527 1314 2527 1310 2527 1306 2527 1257 2543 1229 2555 1113 2555 1097 2543 1077 2527 1073 2527 1068 2527 851 2527 847 2527 843 2527 811 2543 787 2551 759 2543 715 2527 711 2527 707 2527 703 2527 699 2527 683 2543 671 2551 409 2551 397 2543 377 2527 373 2527 369 2527 365 2527 361 2527 317 2543 313 2543 309 2543 273 2523 269 2523 265 2523 32 2539 32 2619"/></Shape>
	    <String CONTENT="la sellette embrasse d&#x27;un tour la chaville ouvier passe sur le couvert du coffret et"
                    HPOS="28"
                    VPOS="2523"
                    WIDTH="3412"
                    HEIGHT="137"></String>
          </TextLine>

          
          
          <TextLine ID="eSc_line_b2faed6c"
                    TAGREFS="LT596"
                    BASELINE="36 2752 2813 2748 3464 2764" 
                    HPOS="28"
                    VPOS="2644"
                    WIDTH="3432"
                    HEIGHT="140">
            <Shape><Polygon POINTS="32 2748 32 2768 3452 2784 3460 2760 3452 2652 2676 2668 2511 2656 2359 2644 2354 2644 2350 2644 2346 2644 2330 2656 2306 2672 2125 2672 2085 2660 2037 2644 2033 2644 1711 2644 1707 2644 1703 2644 1659 2660 1639 2672 1414 2672 1382 2664 1302 2644 1298 2644 1294 2644 1290 2644 1265 2664 1257 2668 1225 2664 1141 2648 1137 2648 1133 2648 1081 2664 1068 2668 1056 2664 1008 2644 1004 2644 1000 2644 827 2664 799 2668 791 2664 735 2644 731 2644 727 2644 723 2644 679 2668 675 2668 655 2668 494 2644 490 2644 212 2668 208 2668 176 2644 172 2644 168 2644 164 2644 28 2668 32 2748"/></Shape>
	    <String CONTENT="est attaché de lautre bout a l&#x27;anneau démbrelage, on laisse en viron 4 toise de corde"
                    HPOS="28"
                    VPOS="2644"
                    WIDTH="3432"
                    HEIGHT="140"></String>
          </TextLine>

          
          
          <TextLine ID="eSc_line_b2125d75"
                    TAGREFS="LT596"
                    BASELINE="36 2869 3419 2869" 
                    HPOS="32"
                    VPOS="2760"
                    WIDTH="3383"
                    HEIGHT="129">
            <Shape><Polygon POINTS="32 2865 32 2885 3411 2889 3415 2865 3415 2788 3034 2760 3030 2760 2696 2784 2644 2760 2640 2760 2459 2760 2455 2760 2451 2760 2447 2760 2415 2788 1997 2788 1941 2764 1937 2764 1933 2764 1928 2764 1880 2784 1848 2760 1844 2760 1840 2760 1703 2760 1699 2760 1595 2780 1362 2764 1358 2764 1354 2764 1350 2764 1318 2784 1241 2760 1237 2760 1233 2760 1229 2760 1137 2784 1004 2760 1000 2760 996 2760 992 2760 956 2784 691 2760 687 2760 683 2760 679 2760 642 2788 458 2788 417 2760 413 2760 409 2760 405 2760 277 2780 237 2760 233 2760 229 2760 32 2784 32 2865"/></Shape>
	    <String CONTENT="entre la piece et lavant- qui reste attellé faisant marcher les chevaux. la piece tirée"
                    HPOS="32"
                    VPOS="2760"
                    WIDTH="3383"
                    HEIGHT="129"></String>
          </TextLine>

          
          
          <TextLine ID="eSc_line_3dcb8ac4"
                    TAGREFS="LT596"
                    BASELINE="52 2981 3427 2989" 
                    HPOS="48"
                    VPOS="2869"
                    WIDTH="3375"
                    HEIGHT="156">
            <Shape><Polygon POINTS="1052 2869 1048 2869 980 2893 968 2897 956 2893 916 2877 912 2877 908 2877 647 2893 574 2897 566 2893 530 2869 526 2869 522 2869 490 2869 450 2869 409 2869 369 2869 329 2869 289 2869 249 2869 241 2869 237 2869 233 2869 229 2869 196 2893 188 2897 48 2897 48 2977 48 3017 245 2997 486 3017 546 3021 550 3021 727 3017 1318 2997 1366 3013 1386 3021 1390 3021 1394 3021 1398 3021 1402 3021 1410 3013 1434 2997 1474 3013 1494 3021 1498 3021 1503 3021 1559 3013 1675 2997 1916 3013 2121 3025 2125 3025 2234 3013 2322 3001 2547 3009 2809 3021 2813 3021 2877 3009 2921 3001 3415 3005 3423 2985 3415 2889 2893 2901 2740 2889 2559 2873 2555 2873 2551 2873 2547 2873 2527 2889 2507 2905 2431 2905 2411 2889 2387 2873 2383 2873 2379 2873 2222 2873 2218 2873 2065 2889 1969 2901 1945 2889 1904 2873 1900 2873 1896 2873 1892 2873 1888 2873 1864 2889 1848 2905 1740 2905 1519 2893 1056 2869 1052 2869"/></Shape>
	    <String CONTENT="par le cordage suit aisement aumoyen de la crosse faitte en trainau les canoniers"
                    HPOS="48"
                    VPOS="2869"
                    WIDTH="3375"
                    HEIGHT="156"></String>
          </TextLine>

          
          
          <TextLine ID="eSc_line_97e367a6"
                    TAGREFS="LT596"
                    BASELINE="48 3098 3436 3114" 
                    HPOS="44"
                    VPOS="2981"
                    WIDTH="3388"
                    HEIGHT="177">
            <Shape><Polygon POINTS="245 2981 44 3009 44 3094 44 3142 345 3122 506 3146 526 3146 530 3146 546 3146 683 3122 988 3142 992 3142 1587 3126 1699 3146 1740 3154 1744 3154 1784 3150 1876 3130 1969 3150 2001 3154 2005 3154 2009 3154 2029 3150 2089 3130 2423 3150 2584 3158 2588 3158 2592 3158 2616 3150 2660 3134 2797 3150 2865 3158 2869 3158 2873 3158 2905 3150 2973 3134 3423 3150 3432 3110 3423 2993 3307 2997 3303 2997 3299 2997 3255 3025 2925 2993 2897 2993 2893 2993 2877 2993 2756 3021 2648 2997 2628 2993 2624 2993 2620 2993 2612 2997 2571 3017 2527 2997 2511 2989 2507 2989 2503 2989 2387 2993 2383 2993 2379 2993 2375 2997 2338 3021 2226 3001 2222 3001 2113 3021 2053 3001 2025 2989 2021 2989 2017 2989 2013 2989 1985 3001 1941 3017 1840 3001 1764 2989 1760 2989 1659 3001 1543 3017 1523 3001 1498 2985 1494 2985 1490 2985 1486 2985 1129 3005 892 3017 839 3005 739 2985 735 2985 731 2985 675 3009 659 3017 401 3017 377 3009 249 2981 245 2981"/></Shape>
	    <String CONTENT="portant chacun l&#x27;armament dont ils doivent faire usage accompagnant la piece et gardant"
                    HPOS="44"
                    VPOS="2981"
                    WIDTH="3388"
                    HEIGHT="177"></String>
          </TextLine>

          
          
          <TextLine ID="eSc_line_deea05a9"
                    TAGREFS="LT596"
                    BASELINE="36 3226 2081 3226 3440 3246" 
                    HPOS="28"
                    VPOS="3114"
                    WIDTH="3408"
                    HEIGHT="152">
            <Shape><Polygon POINTS="32 3222 28 3234 3427 3266 3436 3242 3427 3150 3271 3162 3247 3150 3214 3126 3210 3126 3206 3126 2925 3126 2921 3126 2917 3126 2913 3126 2885 3150 2869 3162 2780 3162 2756 3150 2704 3126 2700 3126 2696 3126 2692 3126 2648 3150 2620 3162 2250 3162 2234 3150 2222 3138 2218 3138 2214 3138 2210 3138 1920 3150 1695 3158 1683 3150 1643 3118 1639 3118 1635 3118 1631 3118 1627 3118 1559 3150 1555 3154 1390 3154 1370 3150 1273 3118 1269 3118 651 3114 647 3114 642 3114 538 3146 462 3114 458 3114 454 3114 450 3114 446 3114 401 3150 265 3150 192 3150 188 3150 88 3114 84 3114 80 3114 76 3114 72 3114 32 3138 32 3222"/></Shape>
	    <String CONTENT="leurs poste respectif a droite et a gauche ----- des quon veut tirer le maitre cañs"
                    HPOS="28"
                    VPOS="3114"
                    WIDTH="3408"
                    HEIGHT="152"></String>
          </TextLine>

          
          
          <TextLine ID="eSc_line_a301afee"
                    TAGREFS="LT596"
                    BASELINE="36 3355 3440 3339" 
                    HPOS="28"
                    VPOS="3230"
                    WIDTH="3408"
                    HEIGHT="141">
            <Shape><Polygon POINTS="3283 3242 3243 3242 3219 3242 3198 3250 3178 3242 3162 3242 3122 3238 3082 3238 3042 3238 3002 3238 2961 3238 2921 3238 2881 3234 2841 3234 2801 3234 2789 3234 2692 3258 2600 3230 2600 3230 2559 3230 2543 3230 2262 3262 2170 3234 2166 3234 1949 3230 1945 3230 1941 3230 1836 3266 1695 3266 1651 3234 1647 3234 1643 3234 1639 3234 1635 3234 1559 3266 1519 3238 1515 3238 1511 3238 1285 3234 1281 3234 1277 3234 1273 3234 1225 3270 964 3270 908 3234 904 3234 900 3234 896 3234 892 3234 888 3234 839 3274 703 3274 659 3246 655 3246 651 3246 647 3246 642 3246 554 3270 506 3238 502 3238 498 3238 409 3238 405 3238 401 3238 397 3238 357 3266 28 3274 32 3351 32 3371 3436 3371 3436 3335 3427 3262 3319 3242 3283 3242"/></Shape>
	    <String CONTENT="crit halte dirige la piece en faisant le command^t chargé sil ne veut pas tirer davan-"
                    HPOS="28"
                    VPOS="3230"
                    WIDTH="3408"
                    HEIGHT="141"></String>
          </TextLine>

          
          
          <TextLine ID="eSc_line_71fdac8f"
                    TAGREFS="LT596"
                    BASELINE="32 3471 2411 3447 3436 3467" 
                    HPOS="24"
                    VPOS="3339"
                    WIDTH="3408"
                    HEIGHT="164">
            <Shape><Polygon POINTS="2901 3339 2897 3339 2893 3339 2869 3347 2789 3367 2732 3347 2712 3339 2676 3339 2644 3339 2539 3347 2383 3355 2342 3347 2330 3343 2314 3343 2282 3343 2278 3347 2246 3371 2125 3371 2053 3347 2041 3343 2033 3343 1993 3343 1953 3343 1912 3343 1872 3343 1864 3347 1796 3371 1744 3347 1736 3343 1711 3347 1699 3347 1651 3359 1583 3347 1551 3347 1527 3347 1482 3375 1410 3347 1406 3347 1402 3347 1398 3347 1290 3375 1249 3347 1229 3347 1189 3347 1149 3347 1109 3347 1085 3347 956 3375 892 3347 868 3351 827 3351 787 3351 747 3351 727 3351 614 3375 534 3351 506 3351 498 3351 421 3383 180 3383 132 3351 104 3351 64 3351 60 3347 24 3347 28 3467 32 3503 108 3483 638 3499 642 3499 1113 3475 1446 3499 1486 3499 1490 3499 1494 3499 1498 3499 1571 3471 1647 3495 1651 3495 1655 3495 1659 3495 1752 3471 1908 3495 1912 3495 1916 3495 1920 3495 1924 3495 1957 3471 2065 3487 2069 3487 2326 3467 2571 3467 2648 3491 2652 3491 2656 3491 2660 3491 2857 3467 2893 3491 2897 3491 2901 3491 2905 3491 3432 3487 3432 3463 3423 3347 2981 3363 2925 3347 2905 3339 2901 3339"/></Shape>
	    <String CONTENT="tage il dit marche et le chartier fouette. s&#x27;il faut monter ou descendre passer unfossé"
                    HPOS="24"
                    VPOS="3339"
                    WIDTH="3408"
                    HEIGHT="164"></String>
          </TextLine>

          
          
          <TextLine ID="eSc_line_552dbc2d"
                    TAGREFS="LT596"
                    BASELINE="40 3588 3419 3560" 
                    HPOS="32"
                    VPOS="3459"
                    WIDTH="3383"
                    HEIGHT="161">
            <Shape><Polygon POINTS="3287 3463 3247 3463 3239 3459 3206 3475 3178 3487 3158 3475 3130 3463 3126 3463 3122 3463 3010 3479 2913 3491 2865 3479 2801 3463 2797 3463 2793 3463 2789 3463 2784 3463 2756 3483 2736 3495 2620 3495 2600 3483 2563 3463 2559 3463 2447 3463 2443 3463 2439 3463 2435 3463 2407 3487 2403 3487 2367 3487 1961 3467 1957 3467 1953 3467 1856 3495 1828 3503 1310 3503 1302 3499 1237 3475 1233 3475 1229 3475 1225 3475 1221 3475 1185 3503 1181 3508 976 3508 964 3508 868 3479 864 3479 860 3479 855 3479 795 3508 791 3512 659 3512 638 3512 514 3479 510 3479 506 3479 458 3503 361 3483 357 3483 353 3483 301 3512 168 3495 164 3495 32 3516 36 3584 36 3600 506 3620 510 3620 514 3620 582 3596 590 3596 626 3596 904 3616 908 3616 1012 3596 1752 3608 1756 3608 2367 3584 2455 3580 2559 3580 3339 3596 3343 3596 3347 3596 3415 3572 3415 3556 3407 3475 3295 3463 3287 3463"/></Shape>
	    <String CONTENT="des que les chevaux sont arrivé au mauvais pas le canonier allonge le cordage si lest"
                    HPOS="32"
                    VPOS="3459"
                    WIDTH="3383"
                    HEIGHT="161"></String>
          </TextLine>

          
          
          <TextLine ID="eSc_line_c499d302"
                    TAGREFS="LT596"
                    BASELINE="40 3700 3427 3680" 
                    HPOS="32"
                    VPOS="3576"
                    WIDTH="3391"
                    HEIGHT="169">
            <Shape><Polygon POINTS="36 3696 36 3720 221 3737 225 3737 229 3737 289 3720 329 3712 357 3720 401 3741 405 3741 409 3745 618 3745 618 3741 799 3720 888 3712 904 3720 924 3737 928 3737 932 3737 936 3741 1338 3741 1338 3737 1342 3737 1374 3720 1410 3704 1531 3720 1627 3733 1631 3733 1635 3733 1639 3733 1655 3720 1679 3704 2294 3700 2403 3720 2435 3724 2439 3724 2443 3724 2447 3724 2451 3720 2479 3704 2652 3720 2684 3720 2688 3720 2712 3720 2901 3696 3415 3716 3423 3676 3411 3588 3206 3604 3162 3588 3126 3576 3122 3576 3118 3576 3054 3592 2997 3604 2981 3592 2961 3576 2957 3576 2953 3576 2772 3576 2768 3576 2764 3576 2760 3576 2732 3596 2704 3612 2604 3612 2547 3596 2475 3580 2471 3580 2467 3580 2431 3596 2407 3612 2077 3612 2061 3604 2025 3584 2021 3584 1824 3584 1820 3584 1816 3584 1812 3584 1784 3604 1776 3612 1651 3612 1599 3608 1390 3584 1386 3584 1382 3584 1378 3584 1338 3612 1326 3620 1141 3620 1117 3612 976 3588 972 3588 835 3616 831 3616 827 3616 727 3588 723 3588 719 3588 715 3588 711 3588 663 3620 655 3624 377 3624 297 3624 265 3600 261 3600 257 3600 253 3600 32 3624 36 3696"/></Shape>
	    <String CONTENT="besoin et approchant la piece pendant que les chevaux passent a vu l&#x27;avantrain ils"
                    HPOS="32"
                    VPOS="3576"
                    WIDTH="3391"
                    HEIGHT="169"></String>
          </TextLine>

          
          
          <TextLine ID="eSc_line_760a9d8b"
                    TAGREFS="LT596"
                    BASELINE="40 3801 3403 3793" 
                    HPOS="32"
                    VPOS="3688"
                    WIDTH="3367"
                    HEIGHT="137">
            <Shape><Polygon POINTS="1912 3688 1908 3688 1816 3696 1523 3733 1185 3733 1121 3704 1117 3704 1113 3704 960 3729 920 3700 912 3692 908 3692 904 3692 900 3692 896 3692 868 3700 815 3716 763 3700 735 3692 731 3692 727 3692 723 3692 699 3700 610 3733 458 3733 401 3700 389 3696 353 3696 349 3696 325 3700 196 3729 168 3704 164 3704 160 3704 32 3704 36 3797 36 3825 3395 3821 3399 3789 3383 3692 3323 3724 3118 3720 3058 3692 3046 3688 3042 3688 2696 3688 2692 3688 2688 3688 2684 3688 2676 3696 2632 3724 2535 3696 2511 3688 2507 3688 2254 3688 2250 3688 2246 3688 2242 3688 2234 3696 2182 3729 2013 3729 1941 3696 1916 3688 1912 3688"/></Shape>
	    <String CONTENT="ôtent les leviers de la crosse accrochent les bricoll aux crochet de retraite de lessieu de"
                    HPOS="32"
                    VPOS="3688"
                    WIDTH="3367"
                    HEIGHT="137"></String>
          </TextLine>

          
          
          <TextLine ID="eSc_line_e21b0f53"
                    TAGREFS="LT596"
                    BASELINE="32 3921 1703 3905 3427 3913" 
                    HPOS="24"
                    VPOS="3805"
                    WIDTH="3399"
                    HEIGHT="145">
            <Shape><Polygon POINTS="28 3917 28 3950 301 3925 506 3946 510 3946 715 3925 815 3946 819 3946 823 3950 1129 3950 1129 3946 1133 3946 1137 3946 1173 3925 1281 3946 1298 3946 1302 3946 1390 3941 1908 3921 1985 3941 1993 3941 1997 3941 2001 3941 2005 3941 2013 3941 2057 3921 2093 3937 2097 3941 2101 3941 2105 3941 3419 3929 3423 3909 3419 3833 3367 3805 3363 3805 3359 3805 3355 3805 3299 3837 2857 3837 2817 3805 2813 3805 2809 3805 2805 3805 2801 3805 2708 3833 2487 3805 2483 3805 2270 3825 2238 3805 2234 3805 2230 3805 2226 3805 2222 3805 2218 3805 2178 3837 2045 3837 1904 3805 1900 3805 1896 3805 1796 3841 1547 3841 1454 3809 1450 3809 1446 3809 1298 3837 1237 3809 1233 3809 1229 3809 1225 3809 1161 3841 980 3841 872 3809 868 3809 864 3809 860 3809 795 3833 711 3813 707 3813 703 3813 482 3837 345 3809 341 3809 212 3837 84 3809 80 3809 76 3809 72 3809 24 3833 28 3917"/></Shape>
	    <String CONTENT="servant de ne point s&#x27;engrager dans leurs bricoll mais deles tenir a la main pour sou"
                    HPOS="24"
                    VPOS="3805"
                    WIDTH="3399"
                    HEIGHT="145"></String>
          </TextLine>

          
          
          <TextLine ID="eSc_line_d5859702"
                    TAGREFS="LT596"
                    BASELINE="36 4022 3436 4030" 
                    HPOS="32"
                    VPOS="3909"
                    WIDTH="3400"
                    HEIGHT="173">
            <Shape><Polygon POINTS="353 3917 313 3917 293 3917 289 3921 253 3950 184 3950 148 3925 136 3917 112 3917 72 3917 32 3921 32 4018 32 4042 647 4042 651 4042 711 4074 715 4074 719 4078 847 4078 847 4074 851 4074 912 4042 1016 4074 1020 4074 1024 4074 1189 4042 1209 4038 1221 4042 1306 4074 1310 4074 1314 4078 1551 4078 1551 4074 1555 4074 1667 4042 1687 4038 1816 4042 2194 4058 2198 4058 2359 4042 2383 4042 2387 4042 2451 4078 2455 4078 2459 4078 2463 4078 2559 4042 2567 4042 2580 4042 2676 4062 2680 4062 2829 4042 2849 4042 2853 4042 2917 4078 2921 4078 2925 4082 3287 4082 3287 4078 3291 4078 3295 4078 3335 4046 3427 4042 3432 4026 3427 3921 3343 3913 3339 3913 3335 3913 3331 3913 3323 3921 3267 3954 3198 3954 3138 3921 3126 3913 3122 3913 3010 3913 3006 3913 3002 3913 2985 3921 2925 3950 2841 3921 2817 3913 2813 3913 2809 3913 2805 3913 2801 3913 2793 3921 2760 3941 2664 3921 2624 3913 2620 3913 2616 3913 2592 3921 2523 3946 2479 3921 2463 3913 2459 3913 2455 3913 2395 3921 2306 3933 2246 3921 2206 3913 2202 3913 2198 3913 2194 3913 2186 3921 2150 3946 2113 3921 2105 3913 2101 3913 2097 3913 1973 3913 1969 3913 1965 3913 1961 3913 1949 3921 1900 3950 1760 3946 1716 3921 1687 3909 1683 3909 1619 3909 1615 3909 1611 3909 1607 3909 1591 3921 1555 3950 1068 3950 1032 3921 1028 3921 1024 3921 1020 3921 1016 3921 1012 3921 976 3950 815 3950 779 3921 775 3917 771 3917 767 3917 675 3917 671 3917 667 3917 663 3917 659 3921 622 3950 522 3950 397 3921 369 3917 353 3917"/></Shape>
	    <String CONTENT="tenir la piece sil ya danger. on peut faire ainsi de fort long trajets en faisant seu"
                    HPOS="32"
                    VPOS="3909"
                    WIDTH="3400"
                    HEIGHT="173"></String>
          </TextLine>

          
          
          <TextLine ID="eSc_line_d417cb08"
                    TAGREFS="LT596"
                    BASELINE="40 4130 3339 4154" 
                    HPOS="36"
                    VPOS="4030"
                    WIDTH="3299"
                    HEIGHT="161">
            <Shape><Polygon POINTS="36 4126 36 4167 413 4146 446 4171 450 4171 454 4171 458 4171 462 4171 466 4171 494 4154 642 4171 699 4175 703 4175 743 4171 860 4154 1040 4171 1137 4179 1141 4179 1145 4179 1177 4171 1245 4154 1527 4154 1627 4171 1687 4183 1691 4183 1744 4175 1816 4158 1860 4175 1880 4179 1884 4179 1888 4179 2061 4175 2371 4162 2395 4175 2411 4183 2415 4183 2419 4183 2523 4175 2672 4162 2724 4175 2780 4191 2784 4191 2789 4191 3331 4175 3335 4150 3331 4082 3090 4050 3086 4050 3082 4050 3078 4050 3038 4078 3030 4078 2905 4054 2901 4054 2897 4054 2853 4078 2849 4078 2845 4078 2748 4046 2744 4046 2531 4046 2527 4046 2523 4046 2459 4074 2455 4078 2238 4078 2234 4074 2178 4046 2174 4046 2170 4046 2166 4046 2162 4046 2129 4070 2041 4046 2037 4046 2033 4046 1924 4070 1920 4070 1884 4042 1880 4042 1876 4042 1732 4042 1728 4042 1724 4042 1720 4042 1687 4070 1679 4070 1354 4066 1269 4066 1233 4038 1229 4038 1225 4038 1221 4038 980 4062 972 4062 900 4034 896 4034 892 4034 888 4034 815 4062 811 4066 598 4066 594 4062 558 4030 554 4030 550 4030 546 4030 542 4030 430 4058 425 4058 341 4030 337 4030 333 4030 36 4054 36 4126"/></Shape>
	    <String CONTENT="pour tenir lennemis eloigné. sans beaucoup fatiguer les canoniers et lon peut suivre"
                    HPOS="36"
                    VPOS="4030"
                    WIDTH="3299"
                    HEIGHT="161"></String>
          </TextLine>

          
          
          <TextLine ID="eSc_line_1fb6a9e8"
                    TAGREFS="LT596"
                    BASELINE="40 4247 3403 4263" 
                    HPOS="32"
                    VPOS="4142"
                    WIDTH="3367"
                    HEIGHT="149">
            <Shape><Polygon POINTS="36 4243 32 4259 68 4283 72 4283 76 4283 80 4283 743 4263 767 4263 775 4263 952 4287 956 4287 960 4287 1040 4267 1277 4287 1281 4291 3395 4291 3399 4259 3395 4187 3251 4187 3247 4183 3194 4154 3190 4154 3186 4154 2813 4183 2784 4183 2776 4183 2700 4154 2696 4154 2375 4150 2371 4150 2367 4150 2270 4179 2266 4179 2125 4150 2121 4150 2117 4150 2113 4150 2073 4179 2069 4183 1776 4183 1631 4179 1619 4179 1579 4146 1575 4146 1571 4146 1567 4146 932 4175 880 4175 876 4175 799 4142 795 4142 791 4142 671 4171 630 4142 626 4142 622 4142 618 4142 614 4142 538 4171 538 4175 277 4175 273 4171 233 4142 229 4142 225 4142 221 4142 217 4142 212 4142 176 4167 100 4142 96 4142 92 4142 88 4142 36 4167 36 4243"/></Shape>
	    <String CONTENT="linfantevie la plus legere. les bricoles seront dun bon cuir devant sy elle doivent"
                    HPOS="32"
                    VPOS="4142"
                    WIDTH="3367"
                    HEIGHT="149"></String>
          </TextLine>

          
          
          <TextLine ID="eSc_line_4e03b685"
                    TAGREFS="LT596"
                    BASELINE="36 4343 3411 4355" 
                    HPOS="32"
                    VPOS="4247"
                    WIDTH="3375"
                    HEIGHT="157">
            <Shape><Polygon POINTS="3247 4259 3243 4259 3210 4275 3198 4287 2917 4287 2905 4275 2885 4259 2881 4259 2877 4259 2845 4259 2805 4259 2764 4259 2724 4259 2684 4259 2644 4259 2604 4259 2584 4259 2543 4275 2523 4283 2491 4275 2403 4255 2399 4255 2395 4255 2314 4275 2282 4283 2146 4283 2137 4275 2093 4255 2081 4255 2065 4255 2029 4275 2017 4283 1868 4283 1856 4275 1808 4255 1800 4255 1780 4255 1744 4275 1736 4279 1732 4275 1679 4251 1675 4251 1671 4251 1667 4251 1595 4271 1474 4251 1470 4251 1466 4251 1418 4275 1410 4279 1362 4275 1157 4251 1157 4251 1117 4251 1101 4251 1024 4275 1016 4279 835 4279 831 4275 795 4247 791 4247 787 4247 783 4247 779 4247 687 4275 679 4279 490 4279 482 4275 446 4247 442 4247 438 4247 434 4247 430 4247 341 4275 329 4275 32 4275 32 4339 32 4371 140 4371 148 4375 188 4396 192 4396 196 4396 377 4375 421 4371 442 4375 506 4396 510 4396 514 4396 518 4396 598 4375 622 4371 663 4375 799 4396 803 4396 1032 4379 1085 4375 1097 4379 1157 4400 1161 4400 1165 4400 1169 4400 1237 4379 1253 4375 1265 4379 1314 4400 1318 4400 1322 4404 1945 4404 1945 4400 1949 4400 1981 4384 1997 4375 2021 4384 2069 4400 2073 4400 2077 4400 2081 4400 2146 4384 2182 4375 2282 4384 2487 4404 2491 4404 2495 4404 2531 4384 2543 4379 2567 4388 2620 4400 2624 4400 2628 4400 3403 4388 3407 4351 3403 4279 3283 4259 3247 4259"/></Shape>
	    <String CONTENT="avoir y compris lanneau defer 2 p. 6 po. de long et 3 po. de larg. le trait sera de bons"
                    HPOS="32"
                    VPOS="4247"
                    WIDTH="3375"
                    HEIGHT="157"></String>
          </TextLine>

          
          
          <TextLine ID="eSc_line_c707ce56"
                    TAGREFS="LT596"
                    BASELINE="36 4472 1651 4480 3359 4452" 
                    HPOS="28"
                    VPOS="4355"
                    WIDTH="3327"
                    HEIGHT="153">
            <Shape><Polygon POINTS="32 4468 32 4496 1924 4508 1928 4508 1933 4508 2029 4484 2033 4480 2511 4480 2993 4480 3046 4500 3050 4500 3054 4500 3351 4472 3355 4448 3343 4367 3094 4388 3042 4367 3006 4355 3002 4355 2997 4355 2993 4355 2989 4355 2969 4371 2945 4388 2865 4371 2821 4363 2817 4363 2768 4371 2700 4388 2644 4375 2567 4355 2563 4355 2559 4355 2443 4375 2363 4392 2342 4379 2314 4359 2310 4359 2306 4359 2226 4359 2222 4359 2218 4359 2137 4379 2093 4392 2053 4384 1981 4359 1977 4359 1973 4359 1969 4359 1965 4359 1937 4384 1916 4400 1478 4400 1454 4388 1374 4363 1370 4363 1366 4363 1197 4392 1173 4396 1165 4392 1109 4367 1105 4367 1101 4367 1097 4367 1012 4396 992 4404 831 4404 819 4396 767 4367 763 4367 759 4367 755 4367 751 4367 719 4388 518 4371 514 4371 510 4371 450 4396 349 4371 345 4371 341 4371 212 4400 124 4371 120 4371 116 4371 112 4371 28 4404 32 4468"/></Shape>
	    <String CONTENT="chanvre de 6^li de di. et 7^pi 6^po de long. y compris la mail on le lacera sur lui meme"
                    HPOS="28"
                    VPOS="4355"
                    WIDTH="3327"
                    HEIGHT="153"></String>
          </TextLine>

          
          
          <TextLine ID="eSc_line_65b96d10"
                    TAGREFS="LT596"
                    BASELINE="36 4584 2174 4572 3472 4528" 
                    HPOS="28"
                    VPOS="4444"
                    WIDTH="3440"
                    HEIGHT="173">
            <Shape><Polygon POINTS="3002 4456 2961 4456 2921 4456 2881 4456 2841 4460 2801 4460 2760 4460 2720 4460 2680 4460 2640 4460 2600 4464 2559 4464 2519 4464 2491 4464 2431 4496 2186 4496 2129 4468 2117 4472 2089 4472 2057 4496 1872 4476 1836 4476 1812 4476 1716 4500 1655 4476 1635 4476 1607 4476 1583 4492 1438 4476 1434 4476 1430 4476 1362 4508 1149 4508 1093 4484 1089 4484 1085 4484 1081 4484 1077 4484 1036 4508 743 4492 739 4492 614 4516 486 4484 482 4484 478 4484 470 4484 325 4516 249 4496 245 4496 241 4496 237 4496 233 4496 192 4520 124 4488 120 4488 116 4488 112 4488 28 4488 32 4580 32 4600 928 4617 932 4617 936 4617 1036 4592 1097 4613 1101 4613 1105 4613 1792 4605 1796 4605 1800 4605 1832 4584 2141 4600 2146 4600 2523 4592 2527 4592 2531 4592 2563 4572 2744 4592 2748 4592 2752 4592 2809 4568 2869 4584 2873 4584 2877 4584 3194 4564 3259 4584 3263 4584 3267 4584 3468 4556 3468 4524 3456 4444 3158 4480 3022 4456 3002 4456"/></Shape>
	    <String CONTENT="denviron 16 po. passant par lanneau dela bricol. ce trait aura a 3^pi dela mail un crochet de"
                    HPOS="28"
                    VPOS="4444"
                    WIDTH="3440"
                    HEIGHT="173"></String>
          </TextLine>

          
          
          <TextLine ID="eSc_line_7c5571a2"
                    TAGREFS="LT596"
                    BASELINE="44 4677 2829 4637 3548 4605" 
                    HPOS="36"
                    VPOS="4532"
                    WIDTH="3508"
                    HEIGHT="181">
            <Shape><Polygon POINTS="1442 4576 1402 4576 1362 4576 1322 4576 1281 4576 1241 4576 1201 4576 1161 4576 1121 4576 1117 4576 1040 4592 1012 4596 960 4592 751 4580 747 4580 221 4609 76 4588 72 4588 68 4588 64 4588 36 4605 40 4673 40 4713 152 4689 273 4705 277 4705 606 4681 884 4693 968 4697 972 4697 1012 4693 1121 4673 1474 4681 1732 4685 1736 4685 1740 4685 1772 4673 1804 4661 2306 4661 3231 4661 3235 4661 3544 4629 3544 4600 3532 4532 2242 4576 1744 4576 1458 4572 1442 4576"/></Shape>
	    <String CONTENT="fer qui servira a [?] defacon quenle placant dans lanneau dela bricol sa long.^r total"
                    HPOS="36"
                    VPOS="4532"
                    WIDTH="3508"
                    HEIGHT="181"></String>
          </TextLine>

          
          
          <TextLine ID="eSc_line_4e9a053a"
                    TAGREFS="LT596"
                    BASELINE="44 4753 3492 4705" 
                    HPOS="36"
                    VPOS="4621"
                    WIDTH="3452"
                    HEIGHT="148">
            <Shape><Polygon POINTS="3090 4625 3050 4625 3026 4625 2993 4641 2953 4629 2929 4629 2897 4629 2885 4645 2877 4649 2676 4649 2676 4645 2656 4637 2648 4637 2608 4637 2567 4637 2551 4637 2499 4649 2491 4649 2483 4649 2443 4641 2407 4641 2367 4641 2338 4641 2306 4653 2298 4653 2294 4653 2278 4641 2246 4645 2206 4645 2166 4645 2150 4645 2077 4653 2045 4657 2021 4657 1965 4645 1965 4649 1924 4649 1884 4649 1860 4649 1852 4657 1848 4657 1840 4657 1724 4649 1683 4653 1643 4653 1603 4653 1579 4653 1571 4661 1567 4661 1563 4661 1486 4653 1482 4653 1442 4653 1402 4657 1382 4657 1366 4665 1362 4665 1322 4665 1149 4657 1121 4661 1081 4661 1040 4661 1000 4661 960 4661 920 4661 900 4661 884 4673 880 4673 843 4673 751 4665 719 4665 679 4665 638 4665 598 4665 578 4665 570 4673 550 4669 518 4669 478 4669 438 4669 397 4669 357 4669 317 4669 277 4673 237 4673 225 4673 36 4681 40 4749 40 4769 3484 4741 3488 4701 3480 4637 3106 4621 3090 4625"/></Shape>
	    <String CONTENT="avec le trait sera de 6^pi. et non faisant point adage le tout sera de 9^pcs il faut que les sacs a porter"
                    HPOS="36"
                    VPOS="4621"
                    WIDTH="3452"
                    HEIGHT="148"></String>
          </TextLine>

          
          
          <TextLine ID="eSc_line_bc665487"
                    TAGREFS="LT596"
                    BASELINE="50 4811 2918 4783" 
                    HPOS="44"
                    VPOS="4725"
                    WIDTH="2873"
                    HEIGHT="92">
            <Shape><Polygon POINTS="1973 4725 1933 4725 1892 4725 1852 4725 1812 4725 1772 4725 1732 4729 1691 4729 1651 4729 1611 4729 1571 4729 1531 4729 1490 4729 1450 4733 1410 4733 1370 4733 1330 4733 1290 4733 1249 4733 1209 4733 1169 4737 1129 4737 1089 4737 1048 4737 1008 4737 968 4737 928 4737 888 4741 847 4741 807 4741 791 4741 775 4745 715 4741 687 4741 647 4741 606 4745 566 4745 526 4745 486 4745 446 4745 405 4745 365 4745 325 4745 285 4749 245 4749 204 4749 176 4749 44 4753 48 4809 48 4817 84 4817 124 4817 164 4817 204 4817 245 4817 285 4817 325 4817 365 4817 405 4817 446 4817 486 4817 526 4817 566 4817 606 4817 647 4817 687 4817 727 4817 767 4817 807 4817 847 4817 888 4817 928 4817 968 4817 1008 4817 1048 4817 1089 4817 1129 4817 1169 4817 1209 4817 1249 4817 1290 4817 1330 4817 1370 4817 1410 4817 1450 4817 1478 4817 2913 4805 2917 4781 2909 4725 2013 4725 1973 4725"/></Shape>
	    <String CONTENT="les cartouches les [?] lances [?] soient de cuir lisse et non a poil."
                    HPOS="44"
                    VPOS="4725"
                    WIDTH="2873"
                    HEIGHT="92"></String>
          </TextLine>

          
        </TextBlock>
        
        <TextBlock HPOS="411"
                   VPOS="11"
                   WIDTH="259"
                   HEIGHT="201"
                   ID="eSc_textblock_442b3df2"
                   TAGREFS="BT1762">
          <Shape><Polygon POINTS="411 11 411 212 670 212 670 11"/></Shape>
          
          
          <TextLine ID="eSc_line_ca324f9c"
                    TAGREFS="LT596"
                    BASELINE="434 139 631 125" 
                    HPOS="417"
                    VPOS="12"
                    WIDTH="213"
                    HEIGHT="192">
            <Shape><Polygon POINTS="582 12 542 12 498 12 458 12 417 12 430 136 430 204 630 196 630 124 614 12 582 12"/></Shape>
	    <String CONTENT="107"
                    HPOS="417"
                    VPOS="12"
                    WIDTH="213"
                    HEIGHT="192"></String>
          </TextLine>

          
        </TextBlock>
        

        
      </PrintSpace>
    </Page>
  </Layout>
</alto>
