2582 4086
122 51 177 177 48

323 81 1996 140 point de mines de cuivre aux

122 163 2109 157 environs de paris mais il y en a

115 289 661 140 de fer. &c

129 316 1870 201 Le jardin des plantes est

102 418 2176 218 charmant, j'ai beaucoup examiné

119 500 2016 238 L'arbrisseau du thé et j'ai eté

109 606 1859 238 surprise d'en trouver les

126 708 2105 238 feuilles longues et Larges, mais

112 810 1996 231 celles quon prepare pour le

112 902 2030 231 comerce ne Sont que les petites

102 1001 1982 238 naissantes, les autres aurroient

105 1144 913 197 trop d'apreté.

115 1178 2088 262 j'ai ete aussi faire une visite

109 1287 1982 269 a m^elle basseporte qui à 80

91 1392 2160 266 ans passés peint encore comme

88 1596 661 160 un ange.

854 1634 808 218 ce 13 octobre.

200 1859 1782 235 j'ai eté aujourd hui voir La S^te

166 2019 1986 180 chapelle. les vitres en Sont remar=

139 2131 2027 170 =quables, elles Sont de ces beaux verres

132 2237 1792 194 colorés dont le Secret S'est perdu.

143 2346 1951 180 le tresor est tres médiocre, mais il y a

132 2468 1966 174 une agathe gravée qui est unique

122 2567 2068 170 dans Le monde. elle est orientalle et

126 2672 1982 154 de trois couleurs. elle est gravée en

129 2764 2030 181 relief et porte un pied de haut Sur

115 2867 2044 194 dix pouces de Large. cette onix est la

129 3006 2040 181 plus grande pierre pretieuse que L'on

109 3101 2122 184 connoisse. le travail en est antique et

122 3227 1979 157 tres beau, il represente L'apotheose d'

119 3353 1969 140 auguste. il y a une fente parcequon

136 3462 1935 140 eut le malheur de La casser dans L'

109 3571 1059 130 incendie de 1630.

136 3687 1986 123 j'ai vû aussi des heures qui ont 800

820 3769 1254 262 ans et dont les dorures
