2597 4033
164 36 132 202 50

319 87 1944 151 geographie faite par pierre le

238 191 2039 148 grand. on voit La le parnasse

218 299 1948 161 francois que je crois que m^r

242 376 2062 205 titon du tillet a fait faire, c'est

232 480 1934 229 un petit monument Sur lequel

222 564 2021 249 sont placées de petites statües de

269 692 1934 245 bronze rep. nos auteurs celebres

262 827 1948 245 j'y ai vu avec assés de peine

255 961 2066 232 m^me de La Suze, qui assurement

259 1065 1890 225 ne merite pas d'y être. au

262 1168 1806 213 reste ce monument m'a

269 1267 1863 245 parû mesquin de mauvais

275 1374 1830 279 gout; et L'idée puérile et

269 1589 642 155 comune.

719 1653 1124 195 ce 30 mars 1778.

242 1818 1830 245 a La bibliotheque du roi

225 1915 2015 266 d'ou nous avons eté a L'attelier

222 2029 1967 286 d'oudon, voir Sa belle diane

232 2157 2005 279 Statüe Superbe, elle est posée

245 2245 2012 302 Sur un pied Son autre jambe

248 2366 1952 282 est Levée, Sa figure est de

269 2480 1924 302 La plus grande noblesse et

248 2614 2066 272 charmante, je desirerois Seulem^t

252 2745 2022 256 que Ses jambes fassent un peu

252 2863 1911 265 plus fines. de la j'ai eté cher

245 2977 1901 289 algrin Sculpteur voir une

238 3149 1975 255 diane quil a fait aussi, mais

245 3290 1985 225 je la trouve affreuse, beaucoup

228 3441 2146 212 trop grasse, et point assés jeune.

750 3602 979 205 ce 23 juillet

215 3706 1991 300 chez oudon, voir le buste de
