2550 4046
124 26 1923 199 m^r de voltaire, qui est La

2219 30 152 148 51

158 165 2236 172 chose la plus ressemblante, La plus

188 289 2210 162 remplie de vie et d'esprit, et la

202 394 2081 212 plus parfaite que j'aie vû de

239 583 570 138 ma vie.

236 704 2168 250 j'ai eté aux invalides, Le dome

239 812 2149 243 en est reellement Superbe, mais

249 906 2091 290 L'eglise ridiculement etroite et

249 1078 1801 267 mesquine pour Le dôme.

876 1325 797 165 30 avril 1785.

252 1426 2183 293 je n'ai point fait de journal particulier

256 1540 2152 284 des curiosités que j'ai fait voir aux princes

273 1642 2128 266 je vais commencer. autant que je puis m'en

263 1766 2098 213 Souvenir voici ce quils ont vu avec moi

266 1840 2142 257 les années précédentes : Le cabinet du roi

269 1945 2044 222 et Le jardin des plantes. - Le cabinet d'

269 2114 2021 229 hist. nat. de m. Le c. d'orléans. - les

269 2194 2068 233 tableaux du palais royal. Le cabinet de

276 2326 2149 249 tableaux de m^r de vaudrenil - plusieurs

273 2508 1389 216 ventes ^(a) bellevue à m^mes

202 3816 526 182 (a) voy. p. 79.
