4078 6028
3117 542 156 111 48

372 577 2856 201 Lettre du Roy tres chrestien a sa Majesté catholique Ecrite de Marly

392 708 930 125 le 23. Janvier 1702.

341 778 2917 221 J'ay tousjours approuvé vostre dessein de passer en Italie et souhaitté que

351 904 2882 176 vous l'executiés ; mais plus je m'interesse a vostre gloire, plus je dois penser aux

357 994 2906 181 difficultés, qu'il ne vous conviendroit pas, comme a moy, de prevoir ; ie les ay touttes

346 1080 2937 175 examinées, vous les avés vues dans le memoire que Marcin vous a leu ; i'apprends

346 1160 2927 201 avec plaisir qu'elles ne vous detournent pas d'un proiet aussi digne de vostre sang,

357 1260 2921 181 que celuy d'aller vous même défendre vos Etats en Italie ; Il y a des occasions, où il

351 1331 2922 196 faut que ce sois la personne principalement interessée qui décide ; et puisque led

341 1436 2932 176 inconvenients que l'on vous a representéz ne vous detournent pas ; ie loüe vostre

326 1507 2942 170 fermeté, et je conforme vostre décision ; vous serés plus aimé de vos sujets, et ils vous

316 1607 2967 171 seront encore plus fideles, lors qu'ils verront que vous répondés à leur attentes, >et que bien<

316 1697 2952 161 >loin<, et que bien loin de demeurer dans le repos, comme vos derniers prédecesseurs,

326 1773 2977 160 vous exposés vostre personne pour défendre les Etats les plus considerables de vostre Mo-

331 1858 2932 166 narchie ; et ma tendresse augmentant, à mesure que je vois qu'elle vous est due, vous

321 1923 2997 186 pouvés croire que je n'oublierai rien de tout ce qui >< pourra contribuer a vos avantages.

311 2019 2957 166 Vous savés les efforts que j'ay faits pour chasser vos ennemis d'Italie, si les troupes

326 2129 2922 156 qui sont destinées pour l'Etat de Milan y estoient arrivées, Je vous conseillerois d'y

321 2220 2922 140 aller, et de vous mettre à la teste de mon Armée ; mais comme il faut qu'elle soit

316 2315 2947 151 superieure à celle de l'Empereur, je crois que Vostre Majesté doit passer a Naples,

321 2401 2786 130 ou sa presence est encore plus necessaire qu'a Milan ; vous attendrés dans ce

316 2481 2937 136 Royaume le commencement de la Campagne ; vous calmerés l'agitation des

321 2587 1856 135 peuples, qui desirent avec ardeur d'y voir leur Roy.

291 2657 2962 156 Traittés bien la noblesse, faictes esperer du soulagement aux peuples, lorsque les

331 2757 2927 116 affaires le permettront ; écoutés les plaintes ; rendés justice, et vous communiqués

331 2853 2947 120 avec bonté, sans perdre vostre dignité ; distingués ceux dont le zele s'est signalé dans

341 2938 2852 131 ces derniers mouvemens, vous connoistés bientost l'utilité de vostre voyage, et le bon

331 3019 2932 120 effect que vostre presence aura produit ; Je fais armer quatre vaisseaux à Toulon, qui

331 3109 2982 110 iront à Barcelonne, et vous porteront a Naples avec la Reine ; ie vois bien que vôtre

331 3194 2927 116 amitié pour elle ne vous permettra pas de vous en separer ; Marcin vous informera des

331 3270 2846 145 troupes que j'envoye à Naples, et des autres details dont je l'ay instruit au sujet de nostre

321 3360 2987 151 passage ; Dieu, qui vous a visiblement protégé, benira la justice de vostre cause, et j'espere

326 3451 2947 155 qu'après vous avoir appelé au Trône, il vous assistera pour deffendre les Etats, dont il a

321 3546 2977 136 remis le gouvernement entre vos mains ; ie le prierai de rendre heureux les desseins que

331 3636 2856 131 vous forméz pour sa gloire, il ne me reste qu'a vous assurer de ma tendresse, de mon

321 3717 2927 125 amitié et du plaisir que i'ay de voir que chaque jour vous la merités de plus en plus.

2484 3812 382 166 Louis.

628 3857 2640 221 Decret du Roy d'Espagne du 2. fevrier 1702. sur son

1181 3993 875 161 voyage de Naples.

346 4053 2907 206 Les pressans besoins de Naples, et de Milan, me paroissent d'une si grande consequence, que ie

306 4199 2957 131 ne puis avoir de repos jusqu'a ce que j'aye satisfait a l'ardent desir, que j'ay de faire voir a mes

321 4294 2932 136 Royaumes, et a mes sujets, que l'amour que j'ay pour eux m'engage >< a n'epargner pas ma

311 4355 2962 160 propre personne, et a l'exposer dans les plus grands dangers pour leur deffence ; i'ay donc

306 4445 2947 141 resolu avec l'approbation du Roy tres chréstien mon seigneur et mon ayeul, de passer au

331 4521 2907 150 Royaume de Naples le mois prochain sur l'escadre de quatre vaisseaux, qu'il a ordonné de

331 4636 2902 121 tenir prests a Toulon pour cet effet, afin que ma presence, et mes Troupes qui y ont passé,

336 4726 2912 116 celles qui se preparent actuellement a y passer, et celles que le Roy mon ayeul y envoyera

331 4797 2897 171 avant mon arrivée, puissent calmer les Esprits, et empescher par les armes l'entrée des
