4141 6028
829 864 2412 271 Copie de la Lettre, que S. A. E. de Cologne

809 1059 2442 231 a écrite au Chapitre de Strasbourg. Valen-

819 1255 1643 226 ciennes ce 21 d'Octobre 1717.

713 1431 2533 261 Nous p. Salut, Ayant touiours vivement Sou-

738 1662 2418 236 haité de pouvoir personelement iouir de la

708 1858 2352 256 Prebende de vôtre Chapitre, que Vous m'avez

708 2119 2518 216 consignée depuis tant d'années, pour Vous pouvoir

718 2315 2518 171 à tous et à un chacun donner des marques de nôtre

718 2441 2443 231 Amitié, Nous avons cru être enfin obligé de

733 2627 2448 246 ceder aux difficultés des Coniunctures, qui iusques

718 2848 2453 201 à present ont touiours traversé nos bons souhaits

698 3019 2427 200 pour delivrer entierement la conscience de toute

708 3214 2488 186 obligation, que Nous pourrions avoir en retenant

678 3380 2337 221 plus long temps la susd̃. Prebende sans voir

683 3581 2292 201 l'occasion de la pouvoir deservir en persone.

663 3737 2377 241 A quel effect et apres une meme deliberation

668 3913 2518 261 Nous avons pris la resolution de Vous la resigner

879 4094 347 256 R. C. 8544

3125 899 101 125 58
