3992 5837
1577 165 1631 233 A Paris ce 6. X.^bre 1754.

2317 510 1533 200 Lettre de M. De Trudaine et memoire

2317 661 1368 151 envoyé par la Hollande pour le

2312 768 1373 151 renouvellement d'un traité de

2322 899 1085 190 Commerce avec la France.

1275 559 925 316 Monsieur

1353 1366 2492 175 J'ay l'honneur de vous envoyer le Promemoria

1329 1522 2366 190 que M. Marcellis m'a remis, il demande

1353 1697 2346 204 une prompte reponse. Si je vais lundy a

1304 1877 2459 204 Versailles, j'auray l'honneur de vous y voir,

1333 2062 2449 194 mais, comme il se pourroit que je ne fisse

1324 2227 2512 205 pas ce Voyage la semaine prochaine, j'ay cru

1329 2378 2404 204 devoir vous adresser ce memoire, et vous

1329 2529 2458 243 demander ce que vous jugez a propos que je

1333 2719 2381 189 reponde. quant a moy, mon avis seroit

1329 2874 2448 209 que non seulement on repondit que le Roy

1319 3040 2419 194 ne se departiroit d'aucun des points qu'il

1319 3205 2410 185 a demandés, mais que l'on fit connoitre

1314 3356 2517 214 a M. Marcellis que le Roy, content de l'Etat

1314 3521 2497 214 ou sont les choses a cet Egard, depuis le Traité

1304 3706 2283 190 d'Aix la Chapelle, ne desire point le

1309 3862 2424 204 renouvellement du Traité de Commerce

1299 4071 2459 165 au moins quant a present. Cette intention

1290 4212 2463 199 sera plus ou moins manifestée, suivant

1299 4382 2464 214 que vous le jugerez convenable. Si vous

1436 4562 399 234 R. C. 8544

3651 175 82 233 65

652 4854 633 302 M. Rouillé
