4078 5891
2083 888 1199 162 Pensions et Bénéfices.

2358 1021 1533 176 E. Daidie. 1165.

2142 1261 1228 187 F. XIX. n°576. - 2^r D.

2525 1413 1130 167 Vingtième. paraphe.

2884 1521 604 143 Pension.

2269 1767 1651 196 Périgord. Normandie.

1955 2145 1911 211 Je soussigné déclare qu'après avoir été

1886 2272 2020 197 quinze ans aumônier du Roi Louis XV,

1881 2395 2039 187 vicaire général de Tours et doyen de

1886 2528 1823 176 la cathédrale de la ditte ville

1871 2680 1882 186 pendant trente ans ; je me suis

1876 2783 1985 191 retiré en Périgord ma patrie, ne

1871 2916 1976 201 possédant que l'abbaye de Savigny

1876 3058 2039 147 en basse normandie et une pension sur

1886 3166 1916 196 l'abbaye D'Hasnon en Flandres,

1876 3284 1995 221 que j'ai affermé la ditte abbaye

1886 3416 1931 182 vingt sept mille livres seulement

1886 3539 2034 216 quoiques des particuliers m'en ayent

1891 3681 1828 202 offert beaucoup plus mais pour

1881 3794 2025 221 obtenir la tranquilité et la paix,

1876 3937 2049 196 l'exactitude des payements et repara

1862 4054 2068 172 -tions à faire ; j'ai refusé des offres

1862 4182 2063 250 infiniment plus avantageuses, et me

3665 235 113 172 69
