<?xml version="1.0" encoding="UTF-8"?>
<alto xmlns:xsi="http://www.w3.org/2001/XMLSchema-instance"
      xmlns="http://www.loc.gov/standards/alto/ns-v4#"
      xsi:schemaLocation="http://www.loc.gov/standards/alto/ns-v4# http://www.loc.gov/standards/alto/v4/alto-4-2.xsd">
  <Description>
    <MeasurementUnit>pixel</MeasurementUnit>
    <sourceImageInformation>
      <fileName>146_5c822_default.jpg</fileName>
      <fileIdentifier>https://gallica.bnf.fr/iiif/ark:/12148/btv1b52513518k/f147/full/full/0/default.jpg</fileIdentifier>
    </sourceImageInformation>
  </Description>
  
  <Tags>
    <OtherTag ID="BT4030" LABEL="MarginTextZone" DESCRIPTION="block type MarginTextZone"/><OtherTag ID="BT4029" LABEL="QuireMarksZone" DESCRIPTION="block type QuireMarksZone"/><OtherTag ID="BT4028" LABEL="NumberingZone" DESCRIPTION="block type NumberingZone"/><OtherTag ID="BT4027" LABEL="MainZone" DESCRIPTION="block type MainZone"/>
    <OtherTag ID="LT1372" LABEL="HeadingLine" DESCRIPTION="line type HeadingLine"/><OtherTag ID="LT1358" LABEL="DefaultLine" DESCRIPTION="line type DefaultLine"/>
  </Tags>
  
  <Layout>
    <Page WIDTH="3464"
          HEIGHT="5066"
          PHYSICAL_IMG_NR="146"
          ID="eSc_dummypage_">
      <PrintSpace HPOS="0"
                  VPOS="0"
                  WIDTH="3464"
                  HEIGHT="5066">
        
        <TextBlock HPOS="1149"
                   VPOS="675"
                   WIDTH="2158"
                   HEIGHT="3204"
                   ID="eSc_textblock_5f6de6ae"
                   TAGREFS="BT4027">
          <Shape><Polygon POINTS="3104 979 3273 1148 3273 1785 3206 2093 3273 2212 3223 2499 3257 2950 3189 3242 3307 3630 3273 3845 2264 3879 1938 3761 1334 3727 1149 3626 1165 709 2298 675 3273 726 3273 924"/></Shape>
          
          
          <TextLine ID="eSc_line_61f91fe9"
                    TAGREFS="LT1358"
                    BASELINE="1165 785 3265 793" 
                    HPOS="1161"
                    VPOS="679"
                    WIDTH="2104"
                    HEIGHT="156">
            <Shape><Polygon POINTS="3020 709 2986 709 2969 717 2927 705 2893 705 2851 700 2834 700 2733 721 2728 721 2669 692 2640 692 2598 688 2555 688 2513 683 2471 683 2302 683 2298 683 2293 683 2217 721 2213 721 2200 721 2036 679 2006 683 1964 683 1938 683 1896 717 1896 721 1394 721 1389 717 1368 700 1330 700 1288 705 1246 705 1220 705 1165 713 1165 785 1161 814 2116 810 2268 814 2661 835 2665 835 2669 835 2728 814 2733 814 2737 814 2838 835 2843 835 2847 835 2902 814 2906 814 2910 814 3033 835 3037 835 3261 810 3265 793 3231 721 3104 721 3092 713 3062 713"/></Shape>
	    <String CONTENT="déterminé, à laisser la ferme aux moines"
                    HPOS="1161"
                    VPOS="679"
                    WIDTH="2104"
                    HEIGHT="156"></String>
          </TextLine>

          
          
          <TextLine ID="eSc_line_858dedfa"
                    TAGREFS="LT1358"
                    BASELINE="1170 916 3037 903" 
                    HPOS="1165"
                    VPOS="814"
                    WIDTH="1872"
                    HEIGHT="144">
            <Shape><Polygon POINTS="1170 916 1170 958 1284 937 1588 954 1630 954 1634 954 1664 954 1841 932 3033 932 3037 903 3024 814 2217 840 2192 831 2171 814 2167 814 2162 814 2158 814 1917 835 1892 835 1884 835 1786 814 1782 814 1778 814 1710 840 1693 844 1651 840 1470 819 1465 819 1461 819 1389 844 1364 823 1364 819 1360 819 1356 819 1351 819 1347 819 1343 819 1343 823 1318 848 1165 848 1170 916"/></Shape>
	    <String CONTENT="qui remplissoient mieux toutes"
                    HPOS="1165"
                    VPOS="814"
                    WIDTH="1872"
                    HEIGHT="144"></String>
          </TextLine>

          
          
          <TextLine ID="eSc_line_273f1a89"
                    TAGREFS="LT1358"
                    BASELINE="1170 1038 3020 1025" 
                    HPOS="1165"
                    VPOS="928"
                    WIDTH="1855"
                    HEIGHT="165">
            <Shape><Polygon POINTS="1170 1038 1178 1089 1212 1059 1339 1059 1457 1084 1478 1089 1482 1093 1643 1093 1643 1089 1647 1089 1651 1089 1651 1084 1655 1084 1677 1059 1715 1080 1727 1089 1732 1089 1736 1089 1837 1084 1841 1084 1854 1080 1909 1051 2065 1051 2095 1076 2099 1076 2103 1076 2107 1076 2120 1076 2247 1051 2530 1068 2665 1076 2669 1076 2674 1076 2678 1076 2686 1068 2703 1055 2792 1063 2935 1080 2940 1080 2944 1080 3020 1059 3020 1025 3011 966 2796 966 2745 932 2741 932 2737 932 2733 932 2728 932 2610 962 2530 928 2526 928 2399 928 2395 928 2179 966 1816 932 1812 932 1808 932 1736 970 1672 937 1668 937 1525 937 1520 937 1516 937 1512 937 1512 941 1478 975 1165 975 1170 1038"/></Shape>
	    <String CONTENT="ces obligations. Si les moines"
                    HPOS="1165"
                    VPOS="928"
                    WIDTH="1855"
                    HEIGHT="165"></String>
          </TextLine>

          
          
          <TextLine ID="eSc_line_86a5b13b"
                    TAGREFS="LT1358"
                    BASELINE="1174 1160 3235 1152" 
                    HPOS="1170"
                    VPOS="1059"
                    WIDTH="2065"
                    HEIGHT="161">
            <Shape><Polygon POINTS="3202 1084 3142 1068 3138 1068 3134 1068 3130 1068 3126 1068 3126 1072 3104 1093 2910 1093 2783 1093 2712 1059 2707 1059 2703 1059 2699 1059 2695 1059 2636 1097 2445 1097 2399 1059 2395 1059 2391 1059 2200 1059 2196 1059 1968 1097 1715 1063 1710 1063 1563 1097 1381 1072 1377 1072 1372 1072 1368 1072 1339 1097 1279 1080 1275 1080 1271 1080 1170 1101 1174 1160 1174 1198 1444 1190 1453 1198 1470 1211 1470 1215 1474 1215 1478 1215 1482 1215 1486 1215 1525 1198 1529 1198 1689 1220 1693 1220 1812 1194 1846 1190 1884 1194 2048 1220 2053 1220 2057 1220 2154 1194 2171 1190 2205 1190 2424 1215 2429 1215 2598 1190 2627 1186 2665 1190 2910 1215 2914 1215 2919 1215 2923 1215 2957 1190 3231 1182 3235 1152 3231 1114 3202 1084"/></Shape>
	    <String CONTENT="n&#39;avoient pas été chargés des répara"
                    HPOS="1170"
                    VPOS="1059"
                    WIDTH="2065"
                    HEIGHT="161"></String>
          </TextLine>

          
          
          <TextLine ID="eSc_line_1fdf3a65"
                    TAGREFS="LT1358"
                    BASELINE="1165 1296 3265 1296" 
                    HPOS="1165"
                    VPOS="1190"
                    WIDTH="2100"
                    HEIGHT="152">
            <Shape><Polygon POINTS="1165 1296 1165 1334 1778 1342 1782 1342 1871 1329 1943 1321 2019 1329 2137 1342 2141 1342 2145 1342 2150 1342 2167 1329 2179 1321 2391 1321 2454 1325 2627 1342 2631 1342 2804 1321 2834 1321 2859 1321 3041 1342 3045 1342 3265 1317 3265 1296 3248 1215 3214 1190 3210 1190 3206 1190 3138 1190 3134 1190 3130 1190 3126 1190 3126 1194 3083 1232 3016 1232 2969 1190 2965 1190 2961 1190 2750 1190 2745 1190 2741 1190 2737 1190 2737 1194 2707 1220 2644 1194 2640 1194 2636 1194 2631 1194 2505 1232 2209 1232 2175 1203 2175 1198 2171 1198 2167 1198 2162 1198 2019 1228 1972 1190 1968 1190 1964 1190 1871 1190 1867 1190 1862 1190 1753 1232 1503 1232 1410 1190 1406 1190 1301 1190 1296 1190 1292 1190 1288 1190 1237 1232 1165 1232 1165 1296"/></Shape>
	    <String CONTENT="-tions présentes et avenir, le bénefice"
                    HPOS="1165"
                    VPOS="1190"
                    WIDTH="2100"
                    HEIGHT="152"></String>
          </TextLine>

          
          
          <TextLine ID="eSc_line_802a0cfb"
                    TAGREFS="LT1358"
                    BASELINE="1178 1422 3071 1410" 
                    HPOS="1174"
                    VPOS="1312"
                    WIDTH="1897"
                    HEIGHT="136">
            <Shape><Polygon POINTS="1178 1422 1178 1448 3066 1448 3071 1410 3058 1342 2923 1342 2914 1342 2838 1312 2834 1312 2830 1312 2826 1312 2821 1312 2779 1342 2775 1342 2661 1321 2657 1321 2488 1342 2454 1317 2450 1317 2445 1317 2441 1317 2437 1317 2433 1317 2433 1321 2403 1346 2399 1350 2188 1350 2188 1346 2120 1317 2116 1317 1862 1317 1858 1317 1854 1317 1850 1317 1850 1321 1820 1346 1786 1321 1782 1321 1778 1321 1774 1321 1558 1350 1415 1321 1410 1321 1406 1321 1343 1355 1174 1355 1178 1422"/></Shape>
	    <String CONTENT="auroit été facilement porté de"
                    HPOS="1174"
                    VPOS="1312"
                    WIDTH="1897"
                    HEIGHT="136"></String>
          </TextLine>

          
          
          <TextLine ID="eSc_line_304f0988"
                    TAGREFS="LT1358"
                    BASELINE="1170 1536 3218 1545" 
                    HPOS="1165"
                    VPOS="1435"
                    WIDTH="2053"
                    HEIGHT="143">
            <Shape><Polygon POINTS="1170 1536 1165 1578 3214 1578 3218 1545 3214 1477 3041 1477 3041 1473 3007 1443 3007 1439 3003 1439 2999 1439 2669 1439 2665 1439 2661 1439 2547 1473 2534 1477 2416 1477 2407 1469 2369 1439 2365 1439 2361 1439 2357 1439 2154 1456 2133 1439 2133 1435 2129 1435 2124 1435 2002 1435 1998 1435 1993 1435 1989 1435 1943 1469 1938 1469 1546 1469 1541 1464 1495 1435 1491 1435 1486 1435 1410 1435 1406 1435 1402 1435 1398 1435 1398 1439 1368 1464 1364 1469 1351 1464 1267 1435 1263 1435 1258 1435 1254 1435 1170 1460 1170 1536"/></Shape>
	    <String CONTENT="trente six a quarante mille livres,"
                    HPOS="1165"
                    VPOS="1435"
                    WIDTH="2053"
                    HEIGHT="143"></String>
          </TextLine>

          
          
          <TextLine ID="eSc_line_bfde0360"
                    TAGREFS="LT1358"
                    BASELINE="1161 1676 3231 1659" 
                    HPOS="1157"
                    VPOS="1557"
                    WIDTH="2074"
                    HEIGHT="169">
            <Shape><Polygon POINTS="1161 1676 1161 1726 1334 1726 1334 1722 1339 1722 1343 1722 1343 1718 1372 1692 2074 1692 2124 1705 2184 1718 2188 1718 2192 1718 2378 1697 2407 1697 2420 1697 2496 1713 2500 1713 2505 1713 2543 1697 2559 1688 2593 1692 2707 1713 2712 1713 2716 1713 2758 1688 2771 1684 2800 1688 2906 1709 2910 1709 3066 1684 3071 1684 3075 1684 3168 1709 3172 1709 3176 1709 3180 1709 3231 1680 3231 1659 3223 1591 3092 1557 2766 1557 2762 1557 2758 1557 2674 1591 2589 1562 2585 1562 2581 1562 2407 1591 2272 1562 2268 1562 2264 1562 2124 1595 1926 1566 1922 1566 1917 1566 1913 1566 1867 1600 1782 1600 1677 1566 1672 1566 1668 1566 1664 1566 1558 1600 1254 1574 1250 1574 1246 1574 1157 1604 1161 1676"/></Shape>
	    <String CONTENT="et peut être beaucoup plus. Je déclare"
                    HPOS="1157"
                    VPOS="1557"
                    WIDTH="2074"
                    HEIGHT="169"></String>
          </TextLine>

          
          
          <TextLine ID="eSc_line_10d29285"
                    TAGREFS="LT1358"
                    BASELINE="1174 1806 3244 1794" 
                    HPOS="1170"
                    VPOS="1692"
                    WIDTH="2074"
                    HEIGHT="161">
            <Shape><Polygon POINTS="1174 1806 1174 1853 1381 1823 1533 1823 1563 1849 1563 1853 1567 1853 1571 1853 1575 1853 1579 1853 1596 1849 1698 1823 1837 1849 1858 1849 1862 1849 1867 1849 1875 1844 1934 1827 2027 1844 2057 1849 2061 1849 2065 1849 2069 1849 2069 1844 2074 1844 2099 1819 2179 1819 2217 1840 2226 1849 2230 1849 2234 1849 2238 1853 2348 1853 2348 1849 2352 1849 2357 1849 2365 1840 2395 1819 2585 1836 2627 1840 2631 1840 2678 1836 2859 1815 2952 1832 3011 1844 3016 1844 3244 1827 3244 1794 3235 1726 3028 1692 3024 1692 2640 1722 2547 1726 2471 1718 2331 1705 2327 1705 2103 1718 1930 1726 1867 1718 1778 1701 1774 1701 1770 1701 1765 1701 1748 1713 1727 1730 1672 1713 1622 1701 1617 1701 1491 1701 1486 1701 1482 1701 1478 1701 1465 1713 1444 1730 1381 1713 1339 1701 1334 1701 1330 1701 1170 1709 1174 1806"/></Shape>
	    <String CONTENT="que la pension que j&#39;ai sur l&#39;abbaye"
                    HPOS="1170"
                    VPOS="1692"
                    WIDTH="2074"
                    HEIGHT="161"></String>
          </TextLine>

          
          
          <TextLine ID="eSc_line_143662f6"
                    TAGREFS="LT1358"
                    BASELINE="1170 1920 3024 1908" 
                    HPOS="1165"
                    VPOS="1815"
                    WIDTH="1859"
                    HEIGHT="143">
            <Shape><Polygon POINTS="1170 1920 1170 1958 3020 1946 3024 1908 3011 1815 2847 1844 2475 1827 2378 1823 2374 1823 2369 1823 2365 1823 2357 1827 2327 1849 2281 1832 2234 1815 2230 1815 2061 1815 2057 1815 2053 1815 2048 1815 2019 1836 2019 1840 2015 1840 1981 1823 1977 1823 1972 1823 1850 1844 1774 1853 1689 1844 1385 1819 1381 1819 1377 1819 1309 1853 1279 1823 1279 1819 1275 1819 1271 1819 1203 1819 1199 1819 1195 1819 1191 1819 1191 1823 1165 1844 1170 1920"/></Shape>
	    <String CONTENT="D&#39;Hasnon en Flandres, m&#39;a été"
                    HPOS="1165"
                    VPOS="1815"
                    WIDTH="1859"
                    HEIGHT="143"></String>
          </TextLine>

          
          
          <TextLine ID="eSc_line_89c18ca6"
                    TAGREFS="LT1358"
                    BASELINE="1165 2043 3176 2030" 
                    HPOS="1161"
                    VPOS="1933"
                    WIDTH="2015"
                    HEIGHT="165">
            <Shape><Polygon POINTS="1165 2043 1165 2064 1216 2089 1220 2089 1225 2089 1229 2089 1233 2089 1263 2068 1491 2068 1529 2098 1533 2098 1537 2098 1541 2098 1820 2064 1846 2064 1989 2064 1998 2064 2036 2093 2040 2093 2044 2093 2048 2093 2053 2093 2116 2064 2120 2064 2336 2064 2344 2064 2407 2089 2412 2089 2416 2089 2420 2089 2462 2068 2488 2093 2492 2093 2496 2093 2500 2093 2505 2093 2509 2093 2551 2064 2564 2060 2602 2064 2728 2089 2733 2089 3176 2064 3176 2030 3168 1937 3058 1937 3054 1937 3050 1937 3045 1937 3045 1941 3016 1971 2775 1971 2720 1946 2690 1933 2686 1933 2682 1933 2602 1950 2509 1967 2479 1950 2454 1937 2450 1937 2184 1937 2179 1937 2175 1937 2124 1958 2099 1971 2061 1963 1968 1937 1964 1937 1960 1937 1955 1937 1846 1967 1808 1975 1757 1967 1655 1954 1651 1954 1486 1975 1478 1975 1457 1958 1457 1954 1453 1954 1448 1954 1444 1954 1330 1975 1263 1941 1258 1941 1254 1941 1250 1941 1161 1975 1165 2043"/></Shape>
	    <String CONTENT="donnée par le feu Roi, lorsque j&#39;ai"
                    HPOS="1161"
                    VPOS="1933"
                    WIDTH="2015"
                    HEIGHT="165"></String>
          </TextLine>

          
          
          <TextLine ID="eSc_line_f36b6f35"
                    TAGREFS="LT1358"
                    BASELINE="1174 2174 3058 2174" 
                    HPOS="1174"
                    VPOS="2072"
                    WIDTH="1884"
                    HEIGHT="123">
            <Shape><Polygon POINTS="1174 2174 1174 2191 3054 2195 3058 2174 3058 2106 2881 2106 2834 2072 2830 2072 2826 2072 2669 2072 2665 2072 2661 2072 2657 2072 2619 2102 2551 2077 2547 2077 2543 2077 2538 2077 2462 2106 2107 2106 2023 2072 2019 2072 1795 2072 1791 2072 1786 2072 1727 2102 1486 2077 1482 2077 1478 2077 1410 2102 1301 2072 1296 2072 1292 2072 1288 2072 1174 2102 1174 2174"/></Shape>
	    <String CONTENT="abandonné le Doyenné de Tours."
                    HPOS="1174"
                    VPOS="2072"
                    WIDTH="1884"
                    HEIGHT="123"></String>
          </TextLine>

          
          
          <TextLine ID="eSc_line_893b7fc9"
                    TAGREFS="LT1358"
                    BASELINE="1191 2296 3261 2296" 
                    HPOS="1191"
                    VPOS="2195"
                    WIDTH="2070"
                    HEIGHT="164">
            <Shape><Polygon POINTS="3244 2233 3003 2233 2999 2224 2965 2199 2961 2199 2957 2199 2952 2199 2948 2199 2902 2224 2893 2229 2788 2224 2365 2195 2361 2195 2357 2195 2352 2195 2352 2199 2331 2216 2314 2229 2205 2212 2120 2203 2116 2203 2074 2212 2002 2229 1977 2212 1955 2195 1951 2195 1947 2195 1943 2195 1938 2195 1934 2195 1913 2207 1900 2216 1888 2207 1858 2195 1854 2195 1850 2195 1846 2195 1841 2195 1841 2199 1829 2207 1808 2224 1732 2207 1681 2195 1677 2195 1191 2195 1191 2296 1191 2317 1482 2321 1516 2351 1516 2355 1520 2355 1525 2355 1529 2355 1732 2334 1837 2355 1841 2355 1846 2355 1850 2355 1884 2330 1884 2326 2027 2321 2065 2330 2154 2355 2158 2355 2162 2355 2167 2355 2171 2355 2196 2334 2365 2355 2369 2355 2374 2355 2412 2334 2441 2321 2509 2338 2593 2355 2598 2359 2682 2359 2682 2355 2686 2355 2690 2355 2712 2338 2745 2321 2965 2321 2999 2343 3011 2355 3016 2355 3020 2355 3024 2355 3088 2343 3206 2321 3248 2347 3261 2296 3261 2279 3244 2233"/></Shape>
	    <String CONTENT="Ne dois-je pas me flatter que lusage"
                    HPOS="1191"
                    VPOS="2195"
                    WIDTH="2070"
                    HEIGHT="164"></String>
          </TextLine>

          
          
          <TextLine ID="eSc_line_61ecc7eb"
                    TAGREFS="LT1358"
                    BASELINE="1174 2423 3180 2423" 
                    HPOS="1174"
                    VPOS="2347"
                    WIDTH="2006"
                    HEIGHT="122">
            <Shape><Polygon POINTS="1174 2423 1178 2469 1271 2444 1309 2469 1313 2469 1318 2469 1322 2469 1330 2469 1436 2444 1525 2465 1537 2469 1541 2469 1546 2469 1571 2465 1681 2448 1795 2465 1841 2469 1846 2469 1892 2465 1985 2448 2040 2461 2074 2469 2078 2469 2082 2469 2086 2469 2091 2469 2091 2465 2099 2461 2116 2444 2657 2444 2665 2457 2682 2469 2686 2469 2690 2469 2695 2469 2788 2452 2847 2444 3054 2444 3075 2448 3121 2469 3126 2469 3130 2469 3134 2469 3180 2448 3180 2423 3180 2381 3041 2381 2999 2347 2940 2376 2733 2355 2555 2381 2352 2347 2314 2381 2124 2381 2091 2351 1922 2381 1867 2347 1698 2347 1609 2381 1546 2347 1432 2347 1385 2381 1174 2381 1174 2423"/></Shape>
	    <String CONTENT="que j&#39;ai fait de mon bien et quatre"
                    HPOS="1174"
                    VPOS="2347"
                    WIDTH="2006"
                    HEIGHT="122"></String>
          </TextLine>

          
          
          <TextLine ID="eSc_line_a4d203d4"
                    TAGREFS="LT1358"
                    BASELINE="1161 2541 3176 2549" 
                    HPOS="1157"
                    VPOS="2444"
                    WIDTH="2019"
                    HEIGHT="152">
            <Shape><Polygon POINTS="1161 2541 1157 2558 1208 2587 1212 2587 1216 2592 1579 2592 1579 2587 1693 2562 1698 2562 1850 2587 1854 2587 1858 2587 1943 2566 1960 2562 2129 2562 2141 2566 2171 2592 2175 2592 2179 2592 2184 2596 2352 2596 2352 2592 2357 2592 2361 2592 2391 2570 2399 2566 3168 2579 3176 2549 3172 2469 2931 2448 2927 2448 2923 2448 2919 2448 2889 2469 2868 2478 2623 2469 2323 2457 2319 2457 2230 2469 2171 2478 2154 2469 2116 2444 2112 2444 2107 2444 2103 2444 1968 2469 1943 2473 1934 2469 1896 2444 1892 2444 1888 2444 1613 2444 1609 2444 1605 2444 1508 2469 1427 2444 1423 2444 1419 2444 1161 2469 1161 2541"/></Shape>
	    <String CONTENT="vingt huit ans dont je suis accablé,"
                    HPOS="1157"
                    VPOS="2444"
                    WIDTH="2019"
                    HEIGHT="152"></String>
          </TextLine>

          
          
          <TextLine ID="eSc_line_82966df3"
                    TAGREFS="LT1358"
                    BASELINE="1161 2676 3155 2668" 
                    HPOS="1157"
                    VPOS="2566"
                    WIDTH="1998"
                    HEIGHT="152">
            <Shape><Polygon POINTS="1161 2676 1161 2718 1347 2697 1829 2710 2150 2718 2154 2718 2158 2718 2162 2718 2162 2714 2175 2706 2188 2693 2234 2706 2281 2714 2285 2714 2369 2701 2437 2693 2598 2697 2965 2714 2969 2714 2973 2714 3024 2693 3054 2714 3058 2714 3062 2714 3066 2714 3071 2714 3155 2689 3155 2668 3147 2604 2843 2596 2817 2570 2813 2570 2809 2570 2804 2570 2648 2600 2644 2600 2606 2570 2602 2570 2598 2570 2593 2570 2589 2570 2513 2592 2437 2566 2433 2566 2260 2566 2255 2566 2251 2566 2167 2600 2162 2600 2133 2575 2129 2575 2124 2575 2120 2575 2116 2575 2069 2596 2053 2608 1985 2608 1972 2596 1934 2570 1930 2570 1926 2570 1715 2570 1710 2570 1706 2570 1702 2570 1668 2596 1655 2604 1626 2596 1537 2570 1533 2570 1529 2570 1525 2570 1520 2570 1495 2587 1474 2570 1470 2570 1465 2570 1461 2570 1343 2579 1339 2579 1334 2579 1318 2596 1305 2604 1157 2596 1161 2676"/></Shape>
	    <String CONTENT="sont des droits assez légitimes pour"
                    HPOS="1157"
                    VPOS="2566"
                    WIDTH="1998"
                    HEIGHT="152"></String>
          </TextLine>

          
          
          <TextLine ID="eSc_line_04bf8846"
                    TAGREFS="LT1358"
                    BASELINE="1174 2803 3214 2786" 
                    HPOS="1170"
                    VPOS="2684"
                    WIDTH="2044"
                    HEIGHT="161">
            <Shape><Polygon POINTS="1174 2803 1174 2845 3210 2824 3214 2786 3210 2714 3168 2684 3164 2684 3159 2684 3155 2684 3151 2684 3037 2718 2885 2718 2771 2718 2771 2714 2703 2684 2699 2684 2695 2684 2690 2684 2631 2714 2619 2722 2505 2722 2492 2714 2467 2693 2462 2693 2458 2693 2454 2693 2450 2693 2403 2710 2386 2718 2327 2710 2196 2693 2192 2693 2124 2710 2065 2722 2023 2706 1985 2693 1981 2693 1977 2693 1972 2693 1926 2706 1867 2722 1770 2706 1693 2693 1689 2693 1685 2693 1660 2706 1622 2722 1170 2701 1174 2803"/></Shape>
	    <String CONTENT="réclamer de la justice de l&#39;auguste"
                    HPOS="1170"
                    VPOS="2684"
                    WIDTH="2044"
                    HEIGHT="161"></String>
          </TextLine>

          
          
          <TextLine ID="eSc_line_d138d5c0"
                    TAGREFS="LT1358"
                    BASELINE="1178 2925 3235 2912" 
                    HPOS="1174"
                    VPOS="2824"
                    WIDTH="2061"
                    HEIGHT="143">
            <Shape><Polygon POINTS="1178 2925 1178 2967 1972 2942 3227 2946 3235 2912 3231 2853 3155 2824 3151 2824 3147 2824 3142 2824 3083 2849 3083 2853 2775 2853 2766 2849 2737 2828 2733 2828 2728 2828 2724 2828 2593 2845 2530 2853 2467 2845 2340 2824 2336 2824 2331 2824 2260 2841 2217 2853 2205 2841 2192 2832 2192 2828 2188 2828 2184 2828 2078 2824 2074 2824 2002 2841 1934 2853 1917 2836 1905 2828 1900 2828 1896 2828 1892 2828 1829 2836 1710 2858 1643 2836 1622 2828 1617 2828 1613 2828 1174 2828 1178 2925"/></Shape>
	    <String CONTENT="assemblée de me laisser jouïr de"
                    HPOS="1174"
                    VPOS="2824"
                    WIDTH="2061"
                    HEIGHT="143"></String>
          </TextLine>

          
          
          <TextLine ID="eSc_line_81f74749"
                    TAGREFS="LT1358"
                    BASELINE="1174 3052 3100 3039" 
                    HPOS="1170"
                    VPOS="2946"
                    WIDTH="1930"
                    HEIGHT="135">
            <Shape><Polygon POINTS="1174 3052 1174 3081 3096 3077 3100 3039 3096 2976 3003 2946 2999 2946 2995 2946 2990 2946 2931 2972 2695 2946 2690 2946 2492 2972 2445 2976 1170 2967 1174 3052"/></Shape>
	    <String CONTENT="cette fortune qui me devient de"
                    HPOS="1170"
                    VPOS="2946"
                    WIDTH="1930"
                    HEIGHT="135"></String>
          </TextLine>

          
          
          <TextLine ID="eSc_line_c686da84"
                    TAGREFS="LT1358"
                    BASELINE="1153 3183 3172 3166" 
                    HPOS="1149"
                    VPOS="3073"
                    WIDTH="2023"
                    HEIGHT="160">
            <Shape><Polygon POINTS="1153 3183 1153 3233 1334 3208 1495 3208 1516 3229 1516 3233 1520 3233 1525 3233 1529 3233 1567 3229 1833 3204 3168 3212 3172 3166 3159 3090 3007 3102 2923 3090 2788 3073 2783 3073 2779 3073 2775 3073 2745 3094 2733 3102 2547 3098 2213 3090 2209 3090 2205 3090 2145 3107 2120 3111 2103 3107 2031 3081 2027 3081 1867 3081 1862 3081 1858 3081 1854 3081 1816 3111 1812 3111 1706 3081 1702 3081 1698 3081 1398 3115 1360 3086 1356 3086 1351 3086 1237 3086 1233 3086 1229 3086 1149 3115 1153 3183"/></Shape>
	    <String CONTENT="plus en plus nécessaire pour le peu"
                    HPOS="1149"
                    VPOS="3073"
                    WIDTH="2023"
                    HEIGHT="160"></String>
          </TextLine>

          
          
          <TextLine ID="eSc_line_5e259dc7"
                    TAGREFS="LT1358"
                    BASELINE="1174 3305 2969 3305" 
                    HPOS="1174"
                    VPOS="3200"
                    WIDTH="1795"
                    HEIGHT="164">
            <Shape><Polygon POINTS="1174 3305 1174 3356 1444 3360 1448 3360 1453 3360 1457 3360 1465 3356 1508 3326 1601 3352 1630 3360 1634 3360 1639 3364 1854 3364 1854 3360 1858 3360 1862 3360 1875 3352 1905 3326 2010 3347 2019 3347 2023 3347 2040 3347 2281 3326 2310 3343 2331 3360 2336 3360 2340 3360 2344 3360 2348 3360 2352 3360 2378 3343 2407 3326 2543 3343 2602 3347 2606 3347 2610 3347 2623 3339 2640 3330 2657 3339 2695 3360 2699 3360 2703 3360 2834 3352 2838 3352 2843 3352 2855 3339 2872 3326 2965 3335 2969 3305 2965 3233 2897 3233 2893 3233 2855 3200 2851 3200 2847 3200 2843 3200 2619 3221 2471 3200 2467 3200 2462 3200 2458 3200 2458 3204 2429 3233 2391 3212 2386 3212 2382 3212 2082 3233 2065 3233 2010 3200 2006 3200 2002 3200 1867 3200 1862 3200 1858 3200 1761 3229 1664 3200 1660 3200 1655 3200 1486 3233 1258 3200 1254 3200 1250 3200 1174 3233 1174 3305"/></Shape>
	    <String CONTENT="de jours qui me sont destinés."
                    HPOS="1174"
                    VPOS="3200"
                    WIDTH="1795"
                    HEIGHT="164"></String>
          </TextLine>

          
          
          <TextLine ID="eSc_line_8fb8c796"
                    TAGREFS="LT1358"
                    BASELINE="1410 3432 3189 3419" 
                    HPOS="1406"
                    VPOS="3322"
                    WIDTH="1783"
                    HEIGHT="173">
            <Shape><Polygon POINTS="1410 3432 1410 3470 1537 3470 1571 3495 1575 3495 1579 3495 1584 3495 1588 3495 1639 3470 1651 3461 1744 3470 2002 3491 2006 3495 2120 3495 2120 3491 2124 3491 2167 3470 2192 3457 2213 3470 2255 3491 2260 3491 2264 3495 2352 3495 2352 3491 2357 3491 2361 3491 2391 3470 2407 3457 2424 3470 2454 3491 2458 3491 2462 3491 2467 3491 2627 3487 2631 3487 2674 3470 2720 3453 3180 3470 3189 3419 3185 3356 3066 3322 3062 3322 3058 3322 3054 3322 2969 3352 2750 3335 2745 3335 2589 3352 2543 3356 2534 3352 2500 3326 2496 3326 2492 3326 2488 3326 2314 3352 2293 3352 2285 3352 2205 3322 2200 3322 2196 3322 2057 3343 2002 3326 1998 3326 1993 3326 1989 3326 1947 3347 1926 3360 1867 3347 1765 3326 1761 3326 1757 3326 1706 3347 1672 3360 1639 3347 1588 3326 1584 3326 1579 3326 1406 3343 1410 3432"/></Shape>
	    <String CONTENT="En foi de quoi j&#39;ai signé la"
                    HPOS="1406"
                    VPOS="3322"
                    WIDTH="1783"
                    HEIGHT="173"></String>
          </TextLine>

          
          
          <TextLine ID="eSc_line_d5d1f739"
                    TAGREFS="LT1358"
                    BASELINE="1157 3563 2365 3550" 
                    HPOS="1153"
                    VPOS="3457"
                    WIDTH="1212"
                    HEIGHT="135">
            <Shape><Polygon POINTS="1157 3563 1157 3592 2365 3584 2365 3550 2357 3474 1960 3457 1955 3457 1693 3482 1664 3482 1651 3482 1554 3461 1550 3461 1546 3461 1541 3461 1503 3482 1495 3491 1153 3491 1157 3563"/></Shape>
	    <String CONTENT="presente declaration"
                    HPOS="1153"
                    VPOS="3457"
                    WIDTH="1212"
                    HEIGHT="135"></String>
          </TextLine>

          
          
          <TextLine ID="eSc_line_7487cb3c"
                    TAGREFS="LT1358"
                    BASELINE="1334 3681 3273 3681" 
                    HPOS="1334"
                    VPOS="3571"
                    WIDTH="1939"
                    HEIGHT="173">
            <Shape><Polygon POINTS="1334 3681 1334 3706 1436 3736 1440 3736 1444 3736 1575 3710 1592 3710 1601 3715 1677 3740 1681 3740 1685 3744 1871 3744 1871 3740 1875 3740 1951 3719 2019 3702 2445 3702 2572 3731 2627 3740 2631 3740 2636 3740 2640 3740 2652 3731 2707 3702 2889 3702 2969 3702 3007 3736 3007 3740 3011 3740 3016 3740 3020 3744 3273 3744 3273 3681 3269 3579 2931 3605 2838 3605 2821 3584 2809 3575 2809 3571 2804 3571 2800 3571 2483 3571 2479 3571 2475 3571 2471 3571 2450 3592 2429 3609 1862 3609 1820 3601 1643 3571 1639 3571 1634 3571 1575 3605 1571 3605 1558 3605 1436 3584 1432 3584 1334 3605 1334 3681"/></Shape>
	    <String CONTENT="A Périgueux ce 28 février 1790./."
                    HPOS="1334"
                    VPOS="3571"
                    WIDTH="1939"
                    HEIGHT="173"></String>
          </TextLine>

          
          
          <TextLine ID="eSc_line_9d14cdb9"
                    TAGREFS="LT1358"
                    BASELINE="2116 3795 3265 3807" 
                    HPOS="2112"
                    VPOS="3685"
                    WIDTH="1153"
                    HEIGHT="186">
            <Shape><Polygon POINTS="2881 3685 2876 3685 2834 3685 2792 3685 2750 3685 2720 3685 2716 3685 2712 3685 2707 3685 2674 3710 2458 3689 2454 3689 2340 3706 2319 3710 2314 3706 2289 3685 2285 3685 2247 3685 2116 3702 2116 3795 2112 3841 2488 3820 2543 3841 2568 3850 2572 3850 2576 3850 2581 3850 2614 3841 2665 3824 2678 3841 2699 3854 2699 3858 2703 3858 2707 3858 2927 3871 2931 3871 2935 3871 3003 3833 3261 3829 3265 3807 3261 3723 2961 3723 2952 3715 2885 3685 2881 3685"/></Shape>
	    <String CONTENT="L&#39;abbé D&#39;Aydie."
                    HPOS="2112"
                    VPOS="3685"
                    WIDTH="1153"
                    HEIGHT="186"></String>
          </TextLine>

          
        </TextBlock>
        
        <TextBlock HPOS="1199"
                   VPOS="4069"
                   WIDTH="2058"
                   HEIGHT="874"
                   ID="eSc_textblock_87533bdb"
                   TAGREFS="BT4027">
          <Shape><Polygon POINTS="3121 4825 2868 4926 1520 4943 1537 4863 1871 4829 1892 4728 1672 4639 1655 4542 1516 4453 1199 4403 1216 4306 1402 4234 1419 4069 3121 4120 3223 4221 3257 4588 3172 4643"/></Shape>
          
          
          <TextLine ID="eSc_line_6eb9cd0b"
                    TAGREFS="LT1358"
                    BASELINE="1415 4221 2606 4221 3092 4200" 
                    HPOS="1410"
                    VPOS="4095"
                    WIDTH="1682"
                    HEIGHT="173">
            <Shape><Polygon POINTS="3058 4116 3054 4116 2990 4141 2783 4141 2610 4107 2606 4107 2602 4107 2467 4145 2420 4103 2416 4103 2412 4103 2407 4103 2403 4103 2399 4103 2348 4149 2217 4149 2120 4103 2116 4103 2112 4103 2002 4111 1998 4111 1993 4111 1993 4116 1955 4154 1803 4154 1660 4095 1655 4095 1651 4095 1427 4095 1410 4107 1415 4221 1415 4268 1778 4242 1812 4259 1829 4268 1833 4268 1837 4268 1841 4268 1867 4259 1909 4242 1926 4255 1934 4268 1938 4268 1943 4268 1947 4268 2222 4263 2226 4263 2281 4246 2319 4238 2391 4246 2564 4263 2568 4263 3088 4225 3092 4200 3075 4116 3058 4116"/></Shape>
	    <String CONTENT="Copie certifiée textuellement"
                    HPOS="1410"
                    VPOS="4095"
                    WIDTH="1682"
                    HEIGHT="173"></String>
          </TextLine>

          
          
          <TextLine ID="eSc_line_5d440f9c"
                    TAGREFS="LT1358"
                    BASELINE="1203 4394 3218 4386" 
                    HPOS="1203"
                    VPOS="4284"
                    WIDTH="2015"
                    HEIGHT="169">
            <Shape><Polygon POINTS="1203 4360 1203 4394 1203 4415 1288 4415 1330 4449 1334 4449 1339 4449 1343 4449 1347 4449 1351 4449 1394 4415 1398 4415 1647 4415 1651 4415 1710 4445 1715 4445 1719 4445 1905 4420 1926 4415 1930 4420 1960 4445 1960 4449 1964 4449 1968 4449 1972 4453 2091 4453 2091 4449 2095 4449 2158 4420 2171 4415 2188 4420 2281 4445 2285 4445 2289 4449 2585 4449 2585 4445 2589 4445 2644 4424 2669 4411 2682 4424 2707 4445 2712 4445 2716 4445 2720 4445 2724 4445 2783 4424 2813 4411 2834 4424 2851 4436 2855 4436 2859 4436 2864 4441 2864 4436 2868 4436 2872 4436 2889 4424 2914 4411 3214 4424 3218 4386 3206 4284 3062 4310 2889 4289 2834 4284 2830 4284 2826 4284 2821 4284 2817 4293 2779 4318 2475 4297 2255 4284 2251 4284 2247 4284 2243 4284 2217 4301 2192 4318 2162 4306 2124 4289 2120 4289 2116 4289 2112 4289 2074 4306 2040 4322 2006 4310 1960 4289 1955 4289 1951 4289 1947 4289 1892 4310 1858 4327 1630 4327 1613 4314 1563 4289 1558 4289 1330 4289 1326 4289 1322 4289 1318 4289 1318 4293 1279 4322 1279 4327 1220 4327 1203 4360"/></Shape>
	    <String CONTENT="conforme à l&#39;original que je possède."
                    HPOS="1203"
                    VPOS="4284"
                    WIDTH="2015"
                    HEIGHT="169"></String>
          </TextLine>

          
          
          <TextLine ID="eSc_line_d8bf48d1"
                    TAGREFS="LT1358"
                    BASELINE="1672 4597 3231 4559" 
                    HPOS="1664"
                    VPOS="4445"
                    WIDTH="1567"
                    HEIGHT="194">
            <Shape><Polygon POINTS="1672 4597 1672 4605 1862 4639 1867 4639 1871 4639 1943 4605 1947 4605 2167 4635 2171 4635 2293 4631 2298 4631 2302 4631 2352 4601 2361 4593 2369 4601 2407 4626 2412 4626 2416 4626 2420 4626 2568 4597 2619 4588 2640 4597 2690 4622 2695 4622 2699 4622 2703 4622 2707 4622 2741 4597 2754 4584 2940 4584 2957 4593 2999 4614 3003 4614 3007 4614 3231 4588 3231 4559 3214 4445 3164 4466 3020 4449 3011 4449 3007 4449 3003 4449 2999 4449 2931 4496 2859 4496 2821 4462 2821 4458 2817 4458 2813 4458 2809 4458 2804 4458 2800 4458 2762 4487 2555 4470 2551 4470 2547 4470 2543 4470 2513 4500 2348 4508 2209 4508 2124 4470 2120 4470 2116 4470 2112 4470 2002 4517 1664 4479 1672 4597"/></Shape>
	    <String CONTENT="Paris, le 19 septembre 1878."
                    HPOS="1664"
                    VPOS="4445"
                    WIDTH="1567"
                    HEIGHT="194"></String>
          </TextLine>

          
          
          <TextLine ID="eSc_line_876e34f5"
                    TAGREFS="LT1358"
                    BASELINE="1998 4829 2690 4787 3079 4787" 
                    HPOS="1989"
                    VPOS="4635"
                    WIDTH="1090"
                    HEIGHT="241">
            <Shape><Polygon POINTS="1998 4829 1998 4863 2184 4876 2188 4876 2192 4876 2196 4876 2226 4850 2243 4842 2285 4850 2352 4859 2357 4859 2361 4859 2365 4859 2382 4842 2399 4829 2551 4825 2576 4833 2674 4871 2678 4871 2682 4871 2906 4863 2910 4863 3079 4804 3079 4787 3062 4635 2893 4694 2576 4702 2543 4681 2521 4664 2517 4664 2513 4664 2509 4664 2505 4664 2458 4690 2445 4694 2433 4690 2357 4664 2352 4664 2348 4664 2344 4664 2276 4694 2243 4673 2238 4673 2234 4673 2230 4673 2099 4681 2095 4681 1989 4724 1998 4829"/></Shape>
	    <String CONTENT="H. Sauvage"
                    HPOS="1989"
                    VPOS="4635"
                    WIDTH="1090"
                    HEIGHT="241"></String>
          </TextLine>

          
          
          <TextLine ID="eSc_line_e26552dd"
                    TAGREFS="LT1358"
                    BASELINE="1520 4935 2703 4922" 
                    HPOS="1516"
                    VPOS="4897"
                    WIDTH="1187"
                    HEIGHT="122">
            <Shape><Polygon POINTS="2657 4918 2614 4918 2572 4918 2530 4918 2488 4922 2445 4922 2403 4922 2361 4922 2319 4922 2276 4922 2234 4922 2192 4922 2150 4926 2107 4926 2065 4926 2023 4926 1981 4926 1938 4926 1896 4926 1854 4926 1812 4930 1770 4930 1727 4930 1685 4930 1643 4930 1601 4930 1558 4930 1516 4897 1520 4935 1520 5019 2699 5006 2703 4922 2699 4918 2657 4918"/></Shape>
	    <String CONTENT="ancien juge de paix."
                    HPOS="1516"
                    VPOS="4897"
                    WIDTH="1187"
                    HEIGHT="122"></String>
          </TextLine>

          
        </TextBlock>
        

        
      </PrintSpace>
    </Page>
  </Layout>
</alto>
