4205 5937
1807 2063 2254 198 Indépendamment de l'article XI de la convention du 3 Juillet

1787 2176 2209 174 concernant les propriétés publiques, les Commissaires respectifs

1787 2270 2294 213 établirent la discussion sur un article plus détaillé qui indiquait

1792 2409 1793 198 nominativement les Musées, Bibliothèques &c^a.

2055 2533 2031 193 M.M. les Commandans des armées Anglaise et Prussienne

1792 2661 2279 198 déclarèrent qu'ils n'avoient aucune objection à faire contre cet

1807 2795 2269 218 article et qu'ils étoient prets à le signer, mais ils réprésentèrent

1807 2928 2239 228 qu'il s'y trouverait un embarras de rédaction qui leur faisait

1792 3052 2244 213 désirer de ne point entrer dans ces détails, quoique ce fut en

1812 3230 2175 193 effet leur intention bien franche et bien sincère de les

1802 3349 2190 188 observer dans toute leur étendüe. voici à quoi tenait la

1812 3478 2090 232 difficulté de rédaction dont parloient M.M. les

1802 3675 897 144 Commandans en chef :

2119 3779 1873 188 En stipulant, comme c'était une chose convenüe,

1812 3908 2150 193 que les musées, Bibliothèques &c^a resteroient intacts, il

1822 4022 2115 213 auroit fallu y mentionner une exception à l'égard de

1802 4155 2229 213 Sa Majesté le Roi de Prusse qui se réservait à demander

1802 4284 2214 228 la restitution des objets enlevés de Berlin, restitution qui

1802 4428 2224 212 avait été promise par Sa Majesté Très Chréstienne, mais

1792 4620 1481 159 qui n'avait pas été effectuée encore.

2100 4700 1847 207 Pour éviter ce qu'il y auroit de peu convenable

1768 4848 2233 198 dans une garantie générale à laquelle il auroit fallu

1807 4962 2244 188 mêler cette réserve relative à la Prusse seule, M.^r le Duc

1733 5100 2318 233 de Wellington, en son nom et au nom du Prince Blücher,

3848 1009 134 302 81
