3363 5140
809 741 2356 175 rappelant la conduite qu'avoient tenüe les Souverains alliés

813 852 2280 184 en 1814 et protestant de la manière la plus solemnelle que

809 950 2365 202 leurs sentimens étoient toujours les mêmes, les Commissaires

822 1070 2331 236 français durent témoigner qu'ils croiroient faire injure à

813 1195 2421 252 la loyauté de leurs Excellences s'ils avoient pu avoir le moindre

783 1336 2442 253 doute sur la vérité de leurs déclarations. La parole de M.^r le

809 1477 2404 253 Duc de Welligton et de M.^r le Prince Blücher étant pour

826 1644 2357 236 eux un gage aussi sacré que l'eut pu être tout article inséré

788 1820 2399 188 dans une convention, Ils cessèrent d'insister sur l'admission

826 1948 2318 197 de celui qu'ils proposoient. d'ailleurs cet article n'était

839 2085 2378 262 qu'une conséquence et une explication de l'article XI relatif

826 2231 2331 240 aux propriétés publiques, dans lequel son objet se trouvait

856 2428 1123 261 implicitement garanti.
