<?xml version="1.0" encoding="UTF-8"?>
<alto xmlns:xsi="http://www.w3.org/2001/XMLSchema-instance"
      xmlns="http://www.loc.gov/standards/alto/ns-v4#"
      xsi:schemaLocation="http://www.loc.gov/standards/alto/ns-v4# http://www.loc.gov/standards/alto/v4/alto-4-2.xsd">
  <Description>
    <MeasurementUnit>pixel</MeasurementUnit>
    <sourceImageInformation>
      <fileName>179_c8287_default.jpg</fileName>
      <fileIdentifier>https://gallica.bnf.fr/iiif/ark:/12148/btv1b52513518k/f180/full/full/0/default.jpg</fileIdentifier>
    </sourceImageInformation>
  </Description>
  
  <Tags>
    <OtherTag ID="BT4030" LABEL="MarginTextZone" DESCRIPTION="block type MarginTextZone"/><OtherTag ID="BT4029" LABEL="QuireMarksZone" DESCRIPTION="block type QuireMarksZone"/><OtherTag ID="BT4028" LABEL="NumberingZone" DESCRIPTION="block type NumberingZone"/><OtherTag ID="BT4027" LABEL="MainZone" DESCRIPTION="block type MainZone"/>
    <OtherTag ID="LT1372" LABEL="HeadingLine" DESCRIPTION="line type HeadingLine"/><OtherTag ID="LT1358" LABEL="DefaultLine" DESCRIPTION="line type DefaultLine"/>
  </Tags>
  
  <Layout>
    <Page WIDTH="4214"
          HEIGHT="6048"
          PHYSICAL_IMG_NR="179"
          ID="eSc_dummypage_">
      <PrintSpace HPOS="0"
                  VPOS="0"
                  WIDTH="4214"
                  HEIGHT="6048">
        
        <TextBlock HPOS="746"
                   VPOS="1008"
                   WIDTH="2071"
                   HEIGHT="3057"
                   ID="eSc_textblock_831ad9af"
                   TAGREFS="BT4027">
          <Shape><Polygon POINTS="2676 1451 2656 1627 2817 1753 2797 3946 2636 4047 2407 4033 1300 4065 804 4023 746 3482 766 1975 786 1774 1686 1804 1365 1502 1028 1466 927 1386 967 1209 1834 1244 1532 1184 1552 1008 2474 1048 2454 1164 1991 1224 2197 1431"/></Shape>
          
          
          <TextLine ID="eSc_line_b985ebcf"
                    TAGREFS="LT1358"
                    BASELINE="1527 1144 2439 1118" 
                    HPOS="1522"
                    VPOS="1023"
                    WIDTH="917"
                    HEIGHT="201">
            <Shape><Polygon POINTS="2429 1043 2379 1043 2328 1038 2278 1038 2227 1038 2202 1033 2187 1043 2167 1048 2157 1043 2142 1033 2127 1033 2076 1033 2071 1028 2051 1048 2041 1053 2036 1048 1996 1028 1975 1028 1960 1023 1900 1053 1774 1028 1769 1028 1764 1028 1698 1063 1688 1068 1547 1068 1522 1123 1527 1144 1527 1224 2021 1224 2021 1219 2026 1219 2031 1219 2031 1214 2066 1184 2086 1159 2434 1154 2439 1118 2429 1043 2429 1043"/></Shape>
	    <String CONTENT="Paris 17 Avril 1845"
                    HPOS="1522"
                    VPOS="1023"
                    WIDTH="917"
                    HEIGHT="201"></String>
          </TextLine>

          
          
          <TextLine ID="eSc_line_aa33e2d1"
                    TAGREFS="LT1358"
                    BASELINE="932 1360 1466 1360" 
                    HPOS="932"
                    VPOS="1290"
                    WIDTH="534"
                    HEIGHT="146">
            <Shape><Polygon POINTS="932 1315 932 1360 932 1416 1461 1436 1466 1360 1466 1290 942 1290 932 1315"/></Shape>
	    <String CONTENT="Particulière"
                    HPOS="932"
                    VPOS="1290"
                    WIDTH="534"
                    HEIGHT="146"></String>
          </TextLine>

          
          
          <TextLine ID="eSc_line_03a443f8"
                    TAGREFS="LT1372"
                    BASELINE="1426 1557 2661 1532" 
                    HPOS="1421"
                    VPOS="1265"
                    WIDTH="1240"
                    HEIGHT="312">
            <Shape><Polygon POINTS="2580 1446 2530 1441 2480 1441 2429 1441 2379 1436 2328 1436 2278 1431 2243 1441 2227 1446 2222 1441 2202 1421 2177 1416 2127 1365 2071 1315 2021 1265 2016 1265 2011 1265 2006 1265 1728 1270 1723 1270 1718 1270 1512 1416 1421 1436 1426 1557 1426 1577 2656 1572 2661 1532 2651 1491 2631 1446"/></Shape>
	    <String CONTENT="Mon cher et honorable ami"
                    HPOS="1421"
                    VPOS="1265"
                    WIDTH="1240"
                    HEIGHT="312"></String>
          </TextLine>

          
          
          <TextLine ID="eSc_line_e56ee4b5"
                    TAGREFS="LT1358"
                    BASELINE="1733 1804 2792 1794" 
                    HPOS="1728"
                    VPOS="1723"
                    WIDTH="1064"
                    HEIGHT="146">
            <Shape><Polygon POINTS="2767 1723 1728 1723 1733 1804 1733 1819 1986 1824 2021 1859 2021 1864 2026 1864 2031 1864 2036 1869 2222 1869 2222 1864 2227 1864 2233 1864 2233 1859 2268 1824 2384 1814 2429 1829 2469 1839 2474 1839 2480 1839 2580 1829 2666 1819 2676 1829 2701 1849 2701 1854 2706 1854 2711 1854 2716 1854 2721 1854 2792 1829 2792 1794 2782 1733 2767 1723"/></Shape>
	    <String CONTENT="Pardonnez-moi mon long"
                    HPOS="1728"
                    VPOS="1723"
                    WIDTH="1064"
                    HEIGHT="146"></String>
          </TextLine>

          
          
          <TextLine ID="eSc_line_71e9cfa6"
                    TAGREFS="LT1358"
                    BASELINE="806 1895 2732 1910" 
                    HPOS="801"
                    VPOS="1774"
                    WIDTH="1931"
                    HEIGHT="191">
            <Shape><Polygon POINTS="2671 1799 2641 1799 2606 1814 2570 1834 2394 1834 2348 1814 2303 1799 2268 1799 2248 1799 2207 1814 2177 1829 2162 1814 2147 1804 2117 1804 2066 1804 2016 1804 1996 1814 1975 1829 1512 1829 1502 1819 1451 1774 1446 1774 1441 1774 902 1774 897 1774 892 1774 806 1814 806 1895 801 1915 1446 1950 1451 1950 1592 1925 1693 1960 1698 1960 1703 1965 1865 1965 1865 1960 1870 1960 1950 1925 2081 1965 2086 1965 2091 1965 2238 1935 2359 1965 2364 1965 2369 1965 2374 1965 2379 1965 2379 1960 2414 1930 2641 1955 2646 1955 2651 1955 2727 1925 2732 1910 2732 1804 2716 1799 2671 1799"/></Shape>
	    <String CONTENT="silence, J&#39;ai tort, mais je suis pardonnable."
                    HPOS="801"
                    VPOS="1774"
                    WIDTH="1931"
                    HEIGHT="191"></String>
          </TextLine>

          
          
          <TextLine ID="eSc_line_a3c95706"
                    TAGREFS="LT1358"
                    BASELINE="786 2016 2686 2016" 
                    HPOS="786"
                    VPOS="1900"
                    WIDTH="1900"
                    HEIGHT="141">
            <Shape><Polygon POINTS="2651 1910 2600 1910 2595 1910 2474 1925 2434 1910 2399 1910 2369 1910 2288 1950 1940 1950 1875 1905 1844 1905 1829 1905 1713 1950 1502 1950 1426 1910 1401 1900 1396 1900 1391 1900 1340 1900 1290 1900 1240 1900 1189 1900 1174 1900 1169 1900 1164 1900 1159 1900 1159 1905 1144 1915 1108 1950 1003 1950 967 1915 952 1905 952 1900 947 1900 942 1900 937 1900 786 1915 786 2016 786 2036 2681 2041 2686 2016 2681 1910 2651 1910"/></Shape>
	    <String CONTENT="J&#39;ai mené cet hiver une vie trés rude. Ma"
                    HPOS="786"
                    VPOS="1900"
                    WIDTH="1900"
                    HEIGHT="141"></String>
          </TextLine>

          
          
          <TextLine ID="eSc_line_f7b20e13"
                    TAGREFS="LT1358"
                    BASELINE="781 2121 2747 2121" 
                    HPOS="781"
                    VPOS="2010"
                    WIDTH="1966"
                    HEIGHT="182">
            <Shape><Polygon POINTS="2444 2021 2394 2021 2343 2021 2313 2021 2112 2041 1562 2041 1527 2021 1486 2021 1461 2021 1421 2036 1290 2021 1285 2021 1234 2021 1184 2021 1134 2021 1083 2021 1033 2021 982 2021 967 2021 781 2026 781 2121 781 2162 1290 2147 1345 2157 1456 2187 1461 2187 1466 2192 1809 2192 1809 2187 1814 2187 1935 2152 1960 2147 2001 2152 2177 2177 2182 2177 2495 2147 2505 2147 2600 2187 2606 2187 2611 2187 2616 2187 2747 2142 2747 2121 2742 2010 2515 2036 2490 2021 2444 2021"/></Shape>
	    <String CONTENT="santé étoit encore fatiguée. J&#39;ai été obligé"
                    HPOS="781"
                    VPOS="2010"
                    WIDTH="1966"
                    HEIGHT="182"></String>
          </TextLine>

          
          
          <TextLine ID="eSc_line_49cb0aa9"
                    TAGREFS="LT1358"
                    BASELINE="801 2222 1688 2247 2752 2232" 
                    HPOS="796"
                    VPOS="2126"
                    WIDTH="1956"
                    HEIGHT="157">
            <Shape><Polygon POINTS="2318 2126 2172 2162 1537 2162 1471 2126 1466 2126 1461 2126 1229 2157 1204 2126 1199 2126 1154 2126 1103 2126 1053 2126 1003 2126 952 2126 902 2126 851 2126 801 2126 801 2222 796 2247 1255 2252 1295 2283 1300 2283 1305 2283 1310 2283 2747 2257 2752 2232 2737 2126 2585 2157 2323 2126 2318 2126"/></Shape>
	    <String CONTENT="de donner au repos, à un repos complet, le"
                    HPOS="796"
                    VPOS="2126"
                    WIDTH="1956"
                    HEIGHT="157"></String>
          </TextLine>

          
          
          <TextLine ID="eSc_line_cd35f9f5"
                    TAGREFS="LT1358"
                    BASELINE="796 2333 2681 2348" 
                    HPOS="791"
                    VPOS="2252"
                    WIDTH="1890"
                    HEIGHT="147">
            <Shape><Polygon POINTS="796 2333 791 2353 1038 2388 1043 2388 1512 2368 1557 2394 1562 2394 1567 2394 1572 2394 2046 2368 2162 2399 2167 2399 2172 2399 2177 2399 2248 2373 2369 2399 2374 2399 2676 2368 2681 2348 2671 2252 796 2252 796 2333"/></Shape>
	    <String CONTENT="tems que je ne donnois pas aux affaires."
                    HPOS="791"
                    VPOS="2252"
                    WIDTH="1890"
                    HEIGHT="147"></String>
          </TextLine>

          
          
          <TextLine ID="eSc_line_3334da98"
                    TAGREFS="LT1358"
                    BASELINE="806 2444 2787 2434" 
                    HPOS="801"
                    VPOS="2348"
                    WIDTH="1986"
                    HEIGHT="156">
            <Shape><Polygon POINTS="806 2444 806 2469 1744 2504 1749 2504 1920 2464 1935 2464 1945 2464 2031 2499 2036 2499 2041 2499 2046 2499 2051 2499 2086 2474 2389 2499 2394 2499 2399 2499 2404 2499 2439 2464 2782 2459 2787 2434 2772 2348 801 2353 806 2444"/></Shape>
	    <String CONTENT="Vous me pardonnerez donc, et de ne pas vous"
                    HPOS="801"
                    VPOS="2348"
                    WIDTH="1986"
                    HEIGHT="156"></String>
          </TextLine>

          
          
          <TextLine ID="eSc_line_faca2893"
                    TAGREFS="LT1358"
                    BASELINE="796 2560 2772 2545" 
                    HPOS="791"
                    VPOS="2449"
                    WIDTH="1981"
                    HEIGHT="156">
            <Shape><Polygon POINTS="796 2560 796 2585 1673 2605 1678 2605 1683 2605 1754 2580 1759 2580 1779 2580 2026 2605 2031 2605 2197 2575 2217 2575 2222 2575 2253 2600 2258 2600 2263 2600 2268 2600 2767 2570 2772 2545 2762 2479 2520 2449 2515 2449 2510 2449 2505 2449 2505 2454 2474 2479 2459 2479 2061 2454 2056 2454 2051 2454 2046 2454 1996 2484 1991 2489 1794 2489 1713 2489 1628 2454 1623 2454 1618 2454 1613 2454 1532 2484 1481 2454 1476 2454 1471 2454 1466 2454 1461 2454 1456 2454 1456 2459 1416 2489 1411 2489 1028 2459 1023 2459 791 2494 796 2560"/></Shape>
	    <String CONTENT="avoir écrit, et de ne vous écrire aujourd&#39;hui"
                    HPOS="791"
                    VPOS="2449"
                    WIDTH="1981"
                    HEIGHT="156"></String>
          </TextLine>

          
          
          <TextLine ID="eSc_line_0b3490e5"
                    TAGREFS="LT1358"
                    BASELINE="796 2671 1794 2686 2802 2656" 
                    HPOS="791"
                    VPOS="2560"
                    WIDTH="2011"
                    HEIGHT="171">
            <Shape><Polygon POINTS="796 2671 801 2731 861 2706 942 2731 957 2731 962 2731 967 2731 1068 2726 1366 2706 1401 2721 1436 2731 1441 2731 1446 2731 1572 2716 1678 2701 1723 2711 1779 2726 1784 2726 1789 2726 2147 2701 2197 2701 2202 2701 2268 2721 2273 2721 2278 2721 2283 2721 2359 2696 2369 2696 2550 2696 2580 2696 2611 2721 2616 2721 2621 2721 2626 2721 2797 2686 2802 2656 2792 2590 2631 2560 2626 2560 2621 2560 2616 2560 2580 2585 2560 2600 1658 2600 1597 2575 1592 2575 1587 2575 1582 2575 1537 2600 1512 2570 1502 2565 1502 2560 1497 2560 1492 2560 1486 2560 791 2560 796 2671"/></Shape>
	    <String CONTENT="que quelques lignes, uniquement pour rompre"
                    HPOS="791"
                    VPOS="2560"
                    WIDTH="2011"
                    HEIGHT="171"></String>
          </TextLine>

          
          
          <TextLine ID="eSc_line_b023b65f"
                    TAGREFS="LT1358"
                    BASELINE="786 2787 1764 2802 2797 2766" 
                    HPOS="781"
                    VPOS="2686"
                    WIDTH="2016"
                    HEIGHT="161">
            <Shape><Polygon POINTS="786 2787 786 2827 1512 2847 1517 2847 1693 2832 1854 2817 1910 2832 1945 2842 1950 2842 1955 2842 2096 2832 2348 2812 2379 2832 2384 2837 2389 2837 2394 2837 2399 2842 2611 2842 2611 2837 2616 2837 2631 2832 2706 2807 2782 2832 2797 2766 2782 2686 781 2721 786 2787"/></Shape>
	    <String CONTENT="la mauvaise habitude. D&#39;ici à quinze jours,"
                    HPOS="781"
                    VPOS="2686"
                    WIDTH="2016"
                    HEIGHT="161"></String>
          </TextLine>

          
          
          <TextLine ID="eSc_line_d32caf13"
                    TAGREFS="LT1358"
                    BASELINE="786 2903 1854 2913 2817 2882" 
                    HPOS="781"
                    VPOS="2792"
                    WIDTH="2036"
                    HEIGHT="186">
            <Shape><Polygon POINTS="2031 2797 2026 2797 2021 2797 2016 2797 1920 2822 1905 2827 1854 2822 1577 2802 1572 2802 1567 2802 1562 2802 1532 2827 1527 2832 781 2832 786 2903 796 2973 841 2943 1073 2943 1098 2963 1108 2973 1108 2978 1113 2978 1119 2978 1124 2978 1129 2978 1134 2978 1154 2963 1189 2943 1250 2963 1310 2978 1315 2978 1320 2978 1325 2978 1366 2958 1406 2938 1623 2953 1910 2973 1915 2973 2817 2923 2817 2882 2807 2822 2661 2792 2656 2792 2490 2822 2480 2822 2464 2822 2333 2797 2328 2797 2066 2822 2036 2797 2031 2797"/></Shape>
	    <String CONTENT="j&#39;aurai plus de loisir, et j&#39;en profiterai pour"
                    HPOS="781"
                    VPOS="2792"
                    WIDTH="2036"
                    HEIGHT="186"></String>
          </TextLine>

          
          
          <TextLine ID="eSc_line_727b3cf3"
                    TAGREFS="LT1358"
                    BASELINE="786 3008 1849 3029 2590 3003" 
                    HPOS="781"
                    VPOS="2943"
                    WIDTH="1809"
                    HEIGHT="131">
            <Shape><Polygon POINTS="786 3008 781 3049 887 3039 942 3054 1003 3074 1008 3074 1013 3074 1018 3074 1023 3074 1023 3069 1043 3054 1063 3039 1275 3054 1572 3074 1577 3074 1703 3049 1754 3044 1865 3049 2212 3074 2217 3074 2222 3074 2227 3074 2258 3049 2273 3039 2318 3049 2404 3064 2409 3064 2585 3044 2590 3003 2575 2943 786 2943 786 3008"/></Shape>
	    <String CONTENT="causer avec vous. Vous avez trés bien"
                    HPOS="781"
                    VPOS="2943"
                    WIDTH="1809"
                    HEIGHT="131"></String>
          </TextLine>

          
          
          <TextLine ID="eSc_line_f3cb7b68"
                    TAGREFS="LT1358"
                    BASELINE="786 3124 1980 3139 2752 3114" 
                    HPOS="781"
                    VPOS="3024"
                    WIDTH="1971"
                    HEIGHT="146">
            <Shape><Polygon POINTS="1991 3029 1940 3029 1890 3029 1839 3029 1834 3029 1829 3034 1809 3054 1582 3054 1426 3029 1381 3024 1376 3024 1371 3024 1355 3029 1295 3049 1209 3024 1194 3024 1189 3024 1184 3024 1179 3024 1174 3024 1174 3029 1149 3054 907 3054 781 3024 786 3124 786 3170 2747 3170 2752 3114 2742 3044 2006 3024 1991 3029"/></Shape>
	    <String CONTENT="conduit les affaires de la Grèce. Elle a enfin"
                    HPOS="781"
                    VPOS="3024"
                    WIDTH="1971"
                    HEIGHT="146"></String>
          </TextLine>

          
          
          <TextLine ID="eSc_line_cf5f0a21"
                    TAGREFS="LT1358"
                    BASELINE="796 3240 2706 3230" 
                    HPOS="791"
                    VPOS="3150"
                    WIDTH="1915"
                    HEIGHT="161">
            <Shape><Polygon POINTS="796 3240 796 3276 942 3306 947 3311 1517 3311 1517 3306 1522 3306 1527 3306 1567 3281 1577 3276 1597 3281 1688 3306 1693 3306 1698 3306 1935 3281 2046 3270 2061 3281 2091 3301 2096 3301 2101 3301 2107 3301 2701 3281 2706 3230 2691 3150 791 3170 796 3240"/></Shape>
	    <String CONTENT="un gouvernement, un gouvernement grec."
                    HPOS="791"
                    VPOS="3150"
                    WIDTH="1915"
                    HEIGHT="161"></String>
          </TextLine>

          
          
          <TextLine ID="eSc_line_fdc18246"
                    TAGREFS="LT1358"
                    BASELINE="791 3366 2681 3356" 
                    HPOS="786"
                    VPOS="3281"
                    WIDTH="1895"
                    HEIGHT="151">
            <Shape><Polygon POINTS="791 3366 791 3396 1154 3427 1159 3427 1164 3427 1234 3402 1250 3396 1255 3402 1280 3427 1285 3427 1290 3427 1441 3432 1446 3432 1582 3407 1628 3396 1638 3407 1658 3422 1658 3427 1663 3427 1668 3427 1673 3427 2122 3422 2127 3422 2132 3422 2147 3412 2182 3391 2268 3412 2323 3422 2328 3422 2676 3412 2681 3356 2671 3286 786 3281 791 3366"/></Shape>
	    <String CONTENT="Cela se voit et se sent, même de loin."
                    HPOS="786"
                    VPOS="3281"
                    WIDTH="1895"
                    HEIGHT="151"></String>
          </TextLine>

          
          
          <TextLine ID="eSc_line_6fb00792"
                    TAGREFS="LT1358"
                    BASELINE="781 3477 2767 3467" 
                    HPOS="776"
                    VPOS="3371"
                    WIDTH="1991"
                    HEIGHT="177">
            <Shape><Polygon POINTS="781 3477 781 3517 1013 3517 1038 3538 1038 3543 1043 3543 1048 3543 1053 3548 1340 3548 1340 3543 1345 3543 1350 3543 1376 3522 1401 3543 1406 3543 1411 3543 1416 3543 1421 3543 1502 3522 1532 3517 1723 3522 2046 3538 2051 3538 2056 3538 2086 3528 2137 3512 2192 3528 2222 3538 2227 3538 2233 3543 2540 3543 2540 3538 2545 3538 2550 3538 2555 3533 2580 3512 2762 3533 2767 3467 2752 3386 2369 3402 2263 3381 2207 3371 2202 3371 2197 3371 2192 3371 2177 3381 2142 3402 1945 3381 1940 3381 1935 3381 1925 3381 1466 3407 1441 3386 1441 3381 1436 3381 1431 3381 1426 3381 1421 3381 1315 3407 1199 3376 1194 3376 1189 3376 1184 3376 1174 3376 1043 3407 977 3376 972 3376 776 3376 781 3477"/></Shape>
	    <String CONTENT="Durez, durez en continuant. C&#39;est tout ce"
                    HPOS="776"
                    VPOS="3371"
                    WIDTH="1991"
                    HEIGHT="177"></String>
          </TextLine>

          
          
          <TextLine ID="eSc_line_5eb0002c"
                    TAGREFS="LT1358"
                    BASELINE="811 3603 2752 3578" 
                    HPOS="806"
                    VPOS="3487"
                    WIDTH="1946"
                    HEIGHT="192">
            <Shape><Polygon POINTS="811 3603 816 3664 907 3638 937 3664 942 3669 942 3674 947 3674 952 3674 1048 3679 1053 3679 1058 3679 1108 3664 1199 3633 1497 3633 1532 3659 1547 3674 1552 3674 1557 3674 1562 3674 1567 3674 1607 3659 1663 3638 1713 3659 1739 3669 1744 3669 1749 3674 1970 3674 1970 3669 1975 3669 1980 3669 2001 3659 2031 3638 2096 3654 2127 3664 2132 3664 2137 3664 2142 3664 2147 3664 2157 3654 2207 3623 2298 3654 2328 3664 2333 3664 2338 3664 2545 3659 2550 3659 2555 3659 2555 3654 2560 3654 2590 3623 2742 3648 2752 3578 2742 3517 2379 3517 2338 3487 2333 3487 2328 3487 2323 3487 2318 3487 2212 3517 2127 3487 2122 3487 2117 3487 1960 3528 1426 3528 1194 3497 1189 3497 806 3538 811 3603"/></Shape>
	    <String CONTENT="que je vous demande. C&#39;est le premier"
                    HPOS="806"
                    VPOS="3487"
                    WIDTH="1946"
                    HEIGHT="192"></String>
          </TextLine>

          
          
          <TextLine ID="eSc_line_1a344f02"
                    TAGREFS="LT1358"
                    BASELINE="796 3719 2747 3704" 
                    HPOS="791"
                    VPOS="3628"
                    WIDTH="1956"
                    HEIGHT="162">
            <Shape><Polygon POINTS="796 3719 796 3754 1003 3785 1008 3785 1013 3785 1018 3785 1048 3759 1058 3754 1204 3754 1214 3764 1240 3785 1245 3785 1250 3785 1255 3785 1260 3785 1330 3764 1360 3754 1381 3764 1431 3790 1436 3790 1441 3790 1759 3785 1764 3785 1769 3785 1789 3769 1824 3749 1930 3749 1955 3769 1965 3780 1965 3785 1970 3785 1975 3785 1980 3785 1986 3785 1991 3785 2006 3774 2036 3749 2086 3774 2101 3780 2107 3780 2112 3785 2469 3785 2469 3780 2474 3780 2480 3780 2540 3749 2565 3774 2565 3780 2570 3780 2575 3780 2580 3785 2742 3785 2747 3704 2737 3643 836 3628 831 3628 826 3628 821 3628 791 3643 796 3719"/></Shape>
	    <String CONTENT="intérêt de votre pays, comme le premier"
                    HPOS="791"
                    VPOS="3628"
                    WIDTH="1956"
                    HEIGHT="162"></String>
          </TextLine>

          
          
          <TextLine ID="eSc_line_0c2db765"
                    TAGREFS="LT1358"
                    BASELINE="796 3835 2747 3835" 
                    HPOS="796"
                    VPOS="3744"
                    WIDTH="1951"
                    HEIGHT="172">
            <Shape><Polygon POINTS="796 3769 796 3835 796 3880 1018 3880 1023 3880 1058 3911 1063 3911 1068 3911 1073 3916 1265 3916 1265 3911 1270 3911 1275 3911 1275 3906 1295 3885 1340 3911 1345 3911 1350 3916 2152 3916 2152 3911 2157 3911 2162 3911 2162 3906 2167 3900 2192 3880 2394 3906 2404 3906 2409 3906 2414 3906 2555 3880 2742 3911 2747 3835 2747 3774 1860 3744 1854 3744 1849 3744 1844 3744 1844 3749 1819 3774 1345 3774 1310 3744 1305 3744 1300 3744 1295 3744 1038 3769 851 3744 846 3744 841 3744 796 3764 796 3769"/></Shape>
	    <String CONTENT="desir de ses amis en Europe. Je ne vous"
                    HPOS="796"
                    VPOS="3744"
                    WIDTH="1951"
                    HEIGHT="172"></String>
          </TextLine>

          
          
          <TextLine ID="eSc_line_9c0342bd"
                    TAGREFS="LT1358"
                    BASELINE="806 3956 2651 3986" 
                    HPOS="801"
                    VPOS="3840"
                    WIDTH="1850"
                    HEIGHT="257">
            <Shape><Polygon POINTS="1008 3840 972 3840 806 3875 806 3956 801 4052 892 4072 897 4072 902 4072 942 4057 1028 4016 1169 4047 1174 4047 1179 4047 1290 4016 1557 4062 1728 4087 1733 4092 1925 4092 1925 4087 1930 4087 2011 4062 2122 4032 2333 4062 2338 4062 2343 4062 2439 4037 2474 4067 2505 4097 2510 4097 2515 4097 2520 4097 2646 4067 2651 3986 2646 3875 2444 3865 2439 3865 2434 3865 2429 3865 2419 3875 2389 3895 2353 3875 2328 3855 2323 3855 2318 3855 2167 3855 2162 3855 2157 3855 2107 3875 2041 3900 1991 3875 1950 3855 1945 3855 1940 3855 1935 3855 1900 3875 1860 3895 1784 3875 1764 3870 1759 3870 1754 3870 1486 3875 1124 3885 1103 3875 1018 3840 1008 3840"/></Shape>
	    <String CONTENT="répéte pas ce que je dis à Piscatory,"
                    HPOS="801"
                    VPOS="3840"
                    WIDTH="1850"
                    HEIGHT="257"></String>
          </TextLine>

          
        </TextBlock>
        
        <TextBlock HPOS="2580"
                   VPOS="1048"
                   WIDTH="157"
                   HEIGHT="136"
                   ID="eSc_textblock_7294b561"
                   TAGREFS="BT4028">
          <Shape><Polygon POINTS="2716 1048 2737 1164 2600 1184 2580 1048"/></Shape>
          
          
          <TextLine ID="eSc_line_d4019cf7"
                    TAGREFS="LT1358"
                    BASELINE="2606 1128 2706 1139" 
                    HPOS="2595"
                    VPOS="1048"
                    WIDTH="111"
                    HEIGHT="166">
            <Shape><Polygon POINTS="2661 1048 2611 1048 2606 1128 2595 1209 2691 1214 2706 1139 2706 1068 2661 1048"/></Shape>
	    <String CONTENT="85"
                    HPOS="2595"
                    VPOS="1048"
                    WIDTH="111"
                    HEIGHT="166"></String>
          </TextLine>

          
        </TextBlock>
        

        
      </PrintSpace>
    </Page>
  </Layout>
</alto>
