2291 3427
168 205 2017 103 entr'autres sur le Journal des débats. Il vous

177 308 1885 120 le redira et vous le croirez. Laissez-moi

179 422 1794 109 seulement insister sur ce qui regarde

168 528 1888 114 Constantinople. Vous ne pouvez être, de

174 636 2011 129 ce côté, trop prudent et trop vigilant. Rien

177 751 1851 122 de ce qui se rapporte à l'intérieur de

171 868 1902 128 la Grèce ne vous créera un vrai danger.

174 985 2005 143 Faites là tout ce que vous jugerez nécessaire.

185 1096 1968 129 Vous donnerez peut-être de l'humeur ; on

179 1210 1872 143 vous en voudra ; on sera froid, même

174 1333 1905 129 malveillant. On se trompera sur vous,

177 1450 1971 123 on se méfiera de vous. On vous entravera

177 1553 1908 120 au lieu de vous aider. Rien de tout

168 1673 1991 123 cela ne sera sans remède. Rien de tout

154 1802 1982 131 cela ne deviendra définitivement grave.

154 1913 1988 123 Mais ne donnez à Constantinople aucun

159 2030 1869 143 juste motif, aucun prétexte spécieux

162 2144 1951 149 de se plaindre de vous. Je regrette que

154 2256 1791 148 Piscatory vous quitte en ce moment.

151 2376 1922 148 Tenez-moi, je vous prie, en son absence

171 2510 1894 148 qui ne sera pas longue, parfaitement

165 2635 1886 140 au courant de toutes choses. Et soyez

162 2750 1931 145 bien persuadé, mon cher ami, que, soit

162 2878 1789 120 que je vous écrive ou ne vous écrive

159 2981 1940 168 pas, je tiendrai toujours, envers la Grèce
