4187 5882
3799 220 79 142 6

1760 289 2225 210 Les Consuls de Perpignan a Madame de Bourbon luy

1750 426 2245 176 mandent qu'ils veulent demeurer sujets du Roy et ne se point rendre

1750 539 681 157 au Roy d'Espagne

1353 700 171 123 4. juin

1348 803 147 143 1493

1593 651 2358 231 Tres haute et puissante Princesse et nostre tres redoutee Dame plaise vous

1573 818 2334 152 scavoir que nous vous envoyons les doubles des lettres quil a

1563 926 2359 122 plu au Roy nostre sire nous escrire et le double de celles que à present

1563 1024 2413 137 luy envoyons afin madame, que vous soyez informée de nostre

1563 1127 2320 108 intention comme voulons estre et demeurer perpetuellement

1544 1210 2343 142 bons sujets du Roy et de la couronne et vivre et mourir soubz la

1534 1303 2368 147 sujettion d'icelle comme plusieurs fois madame vous en avons

1539 1392 2353 156 avertie avec ce au present madame serez informée de ce qu'il a

1524 1499 2359 167 plu au Roy par ses lettres nous declarer comme il nous tient bons

1519 1607 1290 152 sujets et nous deffendra contre tous

1519 1686 2545 191 Pourquoy, madame, si ainsy estoit, de rendre ce pays et nous bailler aux

1514 1818 2545 127 mains du Roy d'Espagne ce seroit fait au tres grand Dommage prejudice

1510 1911 2534 152 et deshonneur du Roy et de sa couronne et de tout le Royaume et en especial

1510 2004 2480 162 de son pays de languedoc nostre voisin duquel, madame, monseigneur

1510 2097 2515 167 et vous avez la charge et pouvez penser madame, le dommage qui en

1510 2186 2534 181 peut venir si le Roy nous baille audit Roy d'Espagne et apres ne vouloit

3583 2274 226 68 de tout le

1510 2274 2549 186 estre bon amy du Roy vous estes madame celle princesse >du< Royaume

1514 2387 2467 171 qui en ce devez veiller plus que tout autre et pour ce deffendre

2819 2490 122 73 pour

1519 2455 2560 196 telles choses comme nous mesmes >par< beaucoup de raisons nous

1514 2578 2516 181 vous en advertissons, madame, volontiers pour la singuliere confiance

1510 2676 2515 186 que avons en vous et nous supplions et pour Dieu prions et requerrons

1510 2774 2520 201 que sur ce par les remedes que à ce appartiendra vous plaise y pourvoir

1510 2882 2461 181 tellement quil y soit remedié et pour>ceu< que tels Groüilleurs et

1514 2960 2471 226 inventeurs de maux soyent punis soyent punis jouxte le

2613 3112 88 69 dep

1524 3063 2437 196 cas et vous plaise, madame, >de si< bien avertir le Roy affin qu'il

1514 3171 2511 206 luy plaise de ne permettre en nulle maniere de parler et mesme

1510 3264 2480 196 faire telles choses et vous supplions madame quil vous plaise

1510 3362 2534 201 destre diligente à bien deffendre par justice ce present pays et comtez

1510 3470 2422 191 qui tant ont cousté au Roy et au Royaume et en special au pays de

1500 3568 2412 196 Languedoc et ou ledit Seigneur a si bon droit dont vous en

1500 3637 2525 230 advertirions bien quand besoin en seroit et que nous estant a present

1500 3764 2461 196 soubz la charge de monseigneur vostre mary et de monseigneur

1500 3862 2520 191 de montpensier le Royaume ni nous ne prenions un tel dommage

1500 3955 2490 226 comme de nous bailler audit Roy d'espagne ; Madame, et

1510 4038 2451 304 cecy vous y avez vostre interst si grand parce que dit est

1720 4264 432 397 R. C. 8544

1412 1441 78 142 II

3226 4401 117 235 48
