4169 5973
1150 219 737 204 proces dont le M^al

1135 358 767 164 de Marillac a este

1120 457 757 165 condanpné a mort

1085 1463 503 154 Cest en 625.

2151 1000 1763 189 Pour la construction de la Citadelle

2246 1164 468 179 de Verdun

1922 1328 2072 190 En quel temps il a esté pourveu du gouvernement

1932 1458 1445 204 de la ville et Citadelle de Verdun.

1857 1727 2112 234 Si au mesme temps il eut par commandement

1937 1871 2012 214 du Roy de faire travailler aux fortiffications

1932 2030 842 180 de ladicte Citadelle

1912 2254 1061 229 Quel ordre Il y garda

1932 2488 2067 204 S'il y eut par Commission du Roy pour faire

1937 2623 2002 194 travailler les Communautez par Courvees

1942 2757 2037 214 a ladicte Citadelle et a qui estoit adressée ladicte

1942 2921 777 189 Commission

1887 3105 2132 224 Si par ladicte Commission le temps que devoient

1957 3280 1863 189 travailler lesd. Communaultez ausdites

1917 3424 2027 179 Corvées n'estoit pas limité et si le Roy n'avoit

1957 3563 1868 195 pas mandé de les paier raisonnablement.

1962 3748 1982 229 S'il a faict paier lesdictes Communautez et

1972 3912 1952 289 s'il ne les a pas faict travailler au dela du

3790 199 100 129 10

1026 3817 871 169 les habitans du village de

1026 3932 816 144 Loison deposent avoir

1036 4021 856 145 travaille cinq ou six ans

1031 4126 448 159 aux Corvées

1982 4171 433 313 R. C. 8524
