3371 5131
325 1133 740 201 les habitans de Ligny

303 1291 680 124 ont deposé y avoir

290 1381 736 158 travaillé lespace de

286 1496 719 150 huit mois a quatre

278 1607 671 154 hommes par jour

1167 949 2002 201 temps que le Roy avoit ordonné et combien.

1150 1158 2084 201 S'il a faict faire les vindanges de terre et de rocq

1159 1338 2066 132 pour les fossez de la Citadelle et la Massonnerie

1150 1458 2011 171 d'icelle par bail au rabais et selon les formes

1159 1603 470 120 ordinaires

1116 1761 1844 188 Si en 625. Il fit pas adjuger a Charles

1150 1911 2079 171 Maupassant la vindange des terres ou ont esté

1155 2039 1916 167 construits les bastions de la Citadelle a trois

1155 2180 2079 154 livres dix solz la toise cube et si de ladicte somme

1155 2291 2027 193 il en prenoit pas seize sols pour luy de chaume

1159 2432 1566 137 toise dont Il y a eu trente une toises.

1103 2629 2135 222 Si en 627. Il adjugea pas au mesme Maupassant

1120 2796 1960 175 par autre bail la vindange des terres pour les

1125 2928 2100 184 fossez de la Citadelle depuis le pont dormant iusqu

1129 3065 1989 146 en tirant hors la ville et celles hors de la ville

1129 3172 1895 180 jusques sur la Riviere au prix de six livres la

1129 3322 1916 158 cube, et s'il ne prenoit pas sur chaque toise cin

1133 3463 1878 162 sols pour luy, dont il y a eu dix miles toises

1120 3672 2037 176 Pourquoy il fit deux differends baux desdictes

1133 3792 1733 180 terres l'un a m.^lt x s. la toise et lautre a vi.^lt

1095 3963 1993 231 S'il ne fit pas le second bail desdictes terres a
