4205 6039
3021 966 116 156 36

1299 1046 1672 181 De Paris ce premier d'Avril 1650

881 1298 564 146 Monsieur

961 1388 2221 187 la grace de nostre seigneur soit avec vous põ. jamais

946 1529 2216 146 je receus ces jours passez une de vos lettres ; je n'ay

946 1620 2231 136 peu vous faire réponce plutost. a cause de mes embarras

936 1721 2191 130 & ne scay si mon inutilité durera toujours a vôtre

956 1816 2166 131 esgard, Je prie Dieu quil ne le permete pas, car je

946 1897 2171 136 souhaite fort de vous servir, et j'atends loccasion

936 1982 2216 146 de le faire en chose proportionnee a Vôtre merite

916 2078 2261 176 & a mon affection. Dieu sçait sy M^r le Prieur

946 2204 2186 141 et moy aurions consolaõn de vous revoir Icy,

936 2299 2231 171 mais pour ce que cela ne se peut sans incommodité

941 2415 2201 156 pour vous et quelque prejudice pour la parroisse que

951 2516 2226 151 sa divine bonté vous a confié, j'estime que vous ne

941 2606 2246 141 devez pas venir icy pour le sujet que vous me proposez

926 2707 2206 161 Il suffira que vous escriviez a quelqu'un de vos Amys

951 2803 2085 151 qui entende mieux que nous ce quil faut faire pour

941 2878 2196 171 Vous faire nommer gradué sur une Abbaye, afin q.^l

1893 2994 141 80 vous

941 2979 2251 171 le fasse. Et en cas que n'ayez personne a paris de

946 3074 2231 146 Votre cognoissance capable de cette petite negociaoñ

961 3200 2191 111 nous tâcherons de la faire faire, si vous nous envoyez

951 3286 2146 121 les pieces et les instructions necessaires pour en venir a

961 3376 2191 136 bout, vous asseurant pour mon regard que je nay nulle

966 3487 2161 116 experience en telle rencontre, mais je suis plain de

971 3542 2246 161 bonne volonté a vous tesmoigner la grace q̃. dieu m'a

971 3648 1410 191 fait de me rendre en son amour

976 3930 524 181 Monsieur

1762 4146 1415 156 Vostre tres humble & obeissant

1797 4247 1224 156 serviteur Vincent De paul

2256 4343 780 221 1 pbr̃e d la Mission

730 4368 528 236 M^r horchole
