3957 5910
1705 118 1404 133 Lettre de la Reine de Suede

2173 201 724 128 a M.^r chanut

3538 123 138 167 40

689 221 2908 281 Monsieur Chanut. a Upsal ce dernier febrvier 1654

561 566 3198 295 Je vous ay rendu Conte autrefois des raisons qui mont oblige a

571 797 3248 212 perseverer dans Le dessein de mon abdication. Vous scaves que

556 945 3139 232 cette fantaisie ma dure Longtemps, et que ce nest quapres y

561 1093 3253 246 avoir pensé huit ans que Je me suis resolue de lexecuter. Il

556 1241 3194 256 y en a pour le moins Cinq que Je Vous ay Communique Cette

532 1393 3198 237 resolution, et je Vorois alors que Cestoit Vostre affection et

532 1546 3114 241 Linterest seul que Vous preniez pour ma fortune qui Vous

551 1708 3130 232 obligoit a me resister malgre Lez raisons que Vous ne

532 1861 3272 241 pouviez Condaner puisquil >< ne se trouvoit rien dans cette

527 2034 3306 275 pensee qui fut Indigne de moy. Vous scaves ce que Je Vous

517 2171 3316 291 ay dit sur ce suiet La derniere fois que Jay eu la satisfaction

497 2339 3326 295 de Vous en entretenir dans Un Long espace du temps. depuis

502 2487 3326 280 tous les Incidens ne mont Jamais faict Changer. Jay regle

497 2664 3336 261 toutes mes actions a ce but et je les ay Conduit a la fin

502 2817 3326 280 sans balance, a ceste heure je suis preste d'achever mon

492 2974 3297 271 volet pour me retirer du theatre, je ne minquiette point

482 3122 3332 305 du plaudite, je scai que la scene que j'ay representee

492 3265 3297 305 na point este Composée selon les loix Communes du

473 3432 3346 291 theatre. Il est malaise que ce quil y a de fort de masle et

468 3585 3277 310 de vigoureux puisse plaire a tout le monde, Je permes>< a

803 3743 330 103 chacun

477 3752 3268 301 un >< den juger selon son genie Je>< ne leur puis

473 3920 3331 300 oster la liberte, et je ne le voudrois pas mesme quand il

473 4077 3217 286 seroit en mon pouvoir : je scay quil y en a peu qui en

482 4235 3302 271 jugeront favorablement et je massure que Vous este de

477 4432 3327 231 ce nombre. Le reste des hommes Ignorent mes raisons et

468 4570 3272 241 mon humeur, puisque je ne me suis jamais declaree a

473 4718 3346 251 personne qua Vous et a Un autre ami qui a lame assez grande

463 4870 3351 281 et belle pour en juger de mesme que Vous. Satis est Unus

463 5003 990 424 satis est nullus.
