3748 5515
298 216 3339 206 Je mesprise le reste et je ferois ho^nneur a celuy de la troupe

321 358 3316 216 que jestimerois assez ridicule pour men divertir, je ne prendray

303 514 3316 179 jamais la peine >pour< de leur faire mon apologie. et dans

294 661 3311 235 le grand loisir que je me prepare je ne seray jamais asses

317 818 3334 211 oisive pour me souvenir d eux. Je menploiray a examiner ma

312 974 3316 211 Vie passee a Corriger mes erreurs sans men repentir, ni men

331 1130 3311 184 estonner. que J'auray de plaisir davoir fait du bien aux hommes

331 1277 3334 193 avec Joie davoir fait punir sans pitié ceux qui le meritoient.

312 1415 3339 221 Jauray la Consolation de n'avoir rendu personne Criminels qui

317 1567 3348 220 ne le fut et davoir mesme espargné ceux qui lestoient. Janpres-

312 1723 3288 207 cay la Conservation de lestat a toute autre Consideration,, Jay

303 1865 3228 207 tout sacrifié avec Joie a ses Interes et Je n'ay rien a me

317 2035 3219 189 reprocher dans son administration. Jay possede sans faste

308 2173 3297 212 Je quitte avec facilite. apres tout cela ne Craignes pas pour

321 2330 3252 206 moy Je suis en secrest et mon bien nest pas au pouvoir de

303 2481 3261 212 la fortune, Je suis heureuse quoi quil puisse arrive><, sum

303 2638 3224 220 fœlix tamen o superi nullique potestate hoc offerre dei

331 2785 3113 220 ouy Je suis plus que personne et je le seray touiours. Je

326 2950 3150 211 n'apprehende point Ceste providence dont Vous me parles

317 3097 3311 230 omnia sunt propitia, soit quelle Veulle prendre le soin de

326 3258 3288 221 regler mes affaires je me sousmes avec le respec et la

331 3414 3219 221 resignation que je dois a ses volontes. Soit quelle me

298 3557 3247 202 laisse la Conduitte de moy mesme Jy emploiray ce quelle

340 3695 3297 220 ma donne de facultes dans lame et dans l'entendement pour

317 3837 3293 257 me rendre heureuse et Je le seray tant que Je seray per-

298 3998 3279 243 suadee que Je ne dois rien Craindre ni des hommes ni des

280 4150 3334 234 Dieux. Jemploiray ce qui me reste de vie a me familiariser

308 4306 3274 248 ces pensees, a me fortifier lame et a Regarder du port

275 4448 3312 285 les tourmens de ceux qui sont agites dans la vie par les

285 4628 3205 243 orages qu'on y souffre a faute d'avoir applique lesprit a

285 4779 3306 221 ces pensees. ne suis ie pas digne denuie en lestat ou Je

280 4922 3210 294 suis Jaurois sans doute trop denvieux si mon bonheur estoit
